
@inproceedings{grauman05,
    author = {K. Grauman and T. Darrell},
    title = {The Pyramid Match Kernel:Discriminative Classification with Sets of Image Features},
    booktitle = {Proceedings fo the International Conference on Computer Vision (ICCV)},
    year = 2005
}

@inproceedings{zhang06,
 author = {Hao Zhang and Alex Berg and Michael Maire and Jitendra Malik},
 title  =   {SVM-KNN: Discriminative Nearest Neighbor Classification for Visual Category Recognition},
 booktitle = {Proceedings of CVPR-2006},
 year = 2006
 }

@inproceedings{lana,
  author = {Svetlana Lazebnik and Cordelia Schmid and Jean Ponce},
  title = {Beyond Bags of Features: Spatial Pyramid Matching for Recognizing Natural Scene Categories},
  booktitle = {Proceedings of CVPR-2006},
  year = 2006
}

@inproceedings{epsh05,
  author = {B.Epshtein and S.Ullmam},
  title = {Identifying Semantically Equivalent Object Fragments},
  booktitle = {Proceedings of CVPR-2005},
  year = 2005
}


@inproceedings{serre,
  author = {T. Serre and L. Wolf and T. Poggio},
  title = {Object Recognition with Features Inspired by Visual Cortex},
  booktitle = {Proceedings of 2005 IEEE Computer Society Conference on Computer Vision and Pattern Recognition (CVPR 2005)},
  year = 2005
}

%%%%%

@techreport{seeger01,
author = {M. Seeger},
title = {Learning with labeled and unlabeled data},
institution = {Institute for Adaptive and Neural Computation, Univ. of Edinburgh},
year = 2001
}

@article{nigam01,
author = {K. Nigam and A.K. Mccallum and S. Thrun and T. Mitchell},
title = {Text classification from labeled and unlabeled documents using EM},
journal = {Machine Learning},
volume = 39,
number = 2,
pages = {103–-134},
year = 2000
}

@inproceedings {baluja98,
author = {S. Baluja},
title = {Probabilistic modeling for face orientation discrimination: Learning from labeled and unlabeled data},
booktitle = {In Neural and Information Processing Systems (NIPS)},
year = 1998
}

@inproceedings{jaakola98,
author = {T. Jaakkola and D. Haussler},
title = {Exploiting generative models in discriminative classifiers},
booktitle = {In Advances in Neural Information Processing Systems 11},
year = 1998
}
`
@inproceedings{thrun96,
author = {S. Thrun},
title = {Is learning the n-th thing any easier than learning the first?},
booktitle = {In Advances in Neural Information Processing Systems},
year = 1996
}

@article{andozhang05,
author = {R. K. Ando and T. Zhang},
title = {A framework for learning predictive structures from multiple tasks and unlabeled data},
journal = {Journal of Machine Learning Research},
volume = 6,
pages = {1817-–1853},
year = 2005
}

@article{baxter97,
author = {Baxter, J.},
title = {A bayesian/information theoretic model of learning to learn via multiple task sampling},
journal = {Machine Learning},
volume = 28,
pages = {},
year = 1997
}

@inproceedings{bendavid03,
author = {Ben-David, S. and Schuller, R.},
title = {Exploiting task relatedness for multiple task learning},
booktitle = {Proceedings of COLT},
year = 2003
}

@article{caruana97,
author = {Caruana, R.},
title = {Multitask learning},
journal = {Machine Learning},
volume = 28,
pages = {41–75},
year = 2997
}


@inproceedings{raina06,
author = {Rajat Raina and Andrew Y. Ng and Daphne Koller},
title = {Constructing informative priors using transfer learning},
booktitle = {Proceedings of the 23rd International Conference on Machine learning},
location = {Pittsburgh, Pennsylvania},
pages =  {713--720},
year ={2006}
}

@article{perona06,
author = {Fei-Fei and Pietro Perona and Rob Fergus},
title = {One-Shot Learning of Object Categories},
journal = {Pattern Analysis and Machine Intelligence},
volume = 28,
number = 4,
year = {2006}
}


@article{torralba06,
author = {A. Torralba and K. P. Murphy and W. T. Freeman},
title = {Sharing visual features for multiclass and multiview object detection},
journal = {Pattern Analysis and Machine Intelligence},
volume = {In press},
year = 2006
}

@article{vapnik,
author = {C. Cortes and V. Vapnik},
title = {Support Vector Networks},
journal = {Machine Learning},
volume = {20},
number = 2,
pages={273--297},
year = 2005
}


@inproceedings{fergus05,
author = {Fergus, R.  and  Fei-Fei L. and Perona, P. and Zisserman, A.},
title = {Learning Object Categories from Google's Image Search},
booktitle = {Proc. of the 10th Inter. Conf. on Computer Vision, ICCV 2005},
year = 2005
}


%%%% -http://www.informedia.cs.cmu.edu/pubs/byyear.asp

@article{barnard03,
author = {K. Barnard and P. Duygulu and D. Forsyth and  N. De Freitas},
title = {Matching words and pictures},
journal = {Journal of Machine Learning Research},
volume = 3,
pages = {1107--1135},
year =  2003
}

@article{sivic,
author = {Sivic, J. and Russell, B. and Efros, A. and Zisserman, A. and Freeman, W.},
title = {Discovering object categories in image collections.},
journal = {Proc. Int'l Conf. Computer Vision, Beijing, 2005},
year =  2005
}

[4]  "Discovering object categories in image collections." Proc. Int'l Conf. Computer Vision, Beijing, 2005.

@inproceedings{miller04,
author = {T. Miller and A.C. Berg and J. Edwards and M. Maire and R. White},
title = {Names and Images in the News},
booktitle = {Proceedings of the IEEE Conf. on Computer Vision and Pattern Recognition (CVPR)},
year = {2004}
}

@inproceedings{bart05,
author = {Bart E., Ullman S.},
title = {Cross-Generalization: Learning Novel Classes from a Single Example by Feature Replacement.},
booktitle = {CVPR},
pages = {672-679},
year = 2005
}

@inproceedings{mutch,
    author = {J. Mutch and D.G. Lowe},
    title = {Multiclass Object Recognition with Sparse, Localized Features},
    booktitle = {Proceedings of CVPR},
    year = 2006
    }

@inproceedings{informedia,
    author ={CMU},
    title = {http://www.informedia.cs.cmu.edu/},
    booktitle = {},
    year ={}
    }
