@string{acmg = "ACM Transactions on Graphics"}
@string{ai = "Artificial Intelligence"}
@string{ao = "Applied Optics"}
@string{bmcv = "Proc.~British Machine Vision Conference"}
@string{cacm = "Comm. of the ACM"}
@string{cvgip = "Computer Vision, Graphics and Image Processing"}
@string{cvpr  = "Proc. IEEE Conf. Computer Vision and Pattern Recognition"}
@string{ra  = "Proc. IEEE Conf. Robotics and Automation"}
@string{eccv  = "Proc.~European Conf.~Computer Vision"}
@string{iccv = "Proc.~IEEE~Int.~Conf.~Computer Vision"}
@string{ijcai = "Proc.~Int.~Joint Conf.~Artificial Intelligence"}
@string{icip = "Proc.~Int.~Conf.~Image Processing"}
@string{ijcv = "Int. Journal of Computer Vision"}
@string{ijrr = "Int. Journal of Robotics Research"}
@string{info93 = "Proc. Conf. on Information Sciences and Systems"}
@string{ip = "IEEE Trans. Image Processing"}
@string{ivc = "Image and Vision Computing"}
@string{josa = "J. Opt Soc. Am."}
@string{josaa = "J. Optical  Society of America A"}
@string{jra= "IEEE J. of Robotics and Automation"}
@string{mitai = "MIT Artificial Intelligence Laboratory"}
@string{pami = "IEEE Trans. Pattern Analysis and Machine Intelligence"}
@string{grs = "IEEE Trans. Geoscience and Remote Sensing"}
@string{siggraph = "Proc. ACM SIGGRAPH"}
@string{tog = "ACM Transactions on Graphics"}
@string{vcg = "IEEE Trans. Visualization and Computer Graphics"}
@string{eurograph = "Proc. Eurographics Workshop on Rendering"}
@string{eurograph2 = "Proc. Eurographics Symposium on Rendering"}
@string{cg = "Computer Graphics"}
@string{jov = "Journal of Vision"}
@string{pvt = "Proc. Int. Symp. on 3{D} Data Processing, Visualization and Transmission"}
@string{cviu = "Computer Vision and Image Understanding"}

@inproceedings{Sutton07,
author = {Charles Sutton and Andrew McCallum},
title = {Piecewise Pseudolikelihood for Efficient CRF Training},
year = {2007},
booktitle = {Proceedings of the International Conference on Machine Learning},
pages = {376-383},
type = {IR},
}
@InProceedings{Tappen08,
  author = 	 {M F Tappen and K Samuel and C Dean and D Lyle},
  title = 	 {The Logisitic Random Field: A Convenient Framework for Learning to Label},
  booktitle = cvpr,
  year = 	 2008}


@Article{Frey07,
  author = 	 {Brendan J Frey and D Dueck},
  title = 	 {Clustering by Passing Messages Between Data Points},
  journal = 	 {Science},
  year = 	 2007,
  number = 	 315,
  pages = 	 {972--976}}

@inproceedings{KumarDRF,
   author = "Sanjiv Kumar and Martial Hebert",
   title = "Discriminative Random Fields: A Discriminative Framework for Contextual Interaction in Classification",
   booktitle = "Proceedings of the 2003 IEEE International Conference on Computer Vision (ICCV '03)",
   year = "2003",
   volume = "2",
   pages = "1150-1157"
}


@INPROCEEDINGS{Levin02,
    author = {Anat Levin and Assaf Zomet and Yair Weiss},
    title = {Learning to perceive transparency from the statistics of natural scenes},
    booktitle = {In NIPS-15; The 2002 Conference on Advances in Neural Information Processing Systems},
    year = {2002},
    pages = {1247--1254},
    publisher = {MIT Press}
}


@INPROCEEDINGS{Scharstein07,
	title = {Learning Conditional Random Fields for Stereo.},
	author = {Daniel Scharstein and Chris Pal},
year={2007},
booktitle=cvpr,
}
@InProceedings{Weinman08,
  author = 	 {Jerod Weinman and Lam Tran and Chris Pal},
  title = 	 { Efficiently Learning Random Fields for Stereo Vision with Sparse Message Passing},
  booktitle = eccv,
  year = 	 2008}

@inproceedings{ Xing03,
  author = "E. Xing and M. Jordan and S. Russell",
  title = "A generalized mean field algorithm for variational inference in exponential
    families",
  booktitle = "Proceedings of the 19th Annual Conference on Uncertainty in AI",
  year = "2003",
  url = "citeseer.ist.psu.edu/xing03generalized.html" }

@inproceedings{KumarDRF,
   author = "Sanjiv Kumar and Martial Hebert",
   title = "Discriminative Random Fields: A Discriminative Framework for Contextual Interaction in Classification",
   booktitle = "Proceedings of the 2003 IEEE International Conference on Computer Vision (ICCV '03)",
   year = "2003",
   volume = "2",
   pages = "1150-1157"
}

@Article{Kolm06,
  author = 	 {Vladimir Kolmogorov},
  title = 	 {Convergent Tree-reweighted Message Passing for Energy Minimization},
  journal = 	 {IEEE Transactions on Pattern Analysis and Machine Intelligence (PAMI)},
  year = 	 2006,
  volume = 	 28,
  number = 	 10,
  pages = 	 {1568--1583},
  month = 	 {October}}

@Article{Wainwright05,
  author = 	 {M J Wainwright and T S Jaakkola and A S Willsky},
  title = 	 {MAP estimation via agreement on (hyper)trees: Message-passing and linear-programming approaches},
  journal = 	 {IEEE Transactions on Information Theory},
  year = 	 2005,
  volume = 	 51,
  number = 	 11,
  pages = 	 {3697--3717},
  month = 	 {November}}

  @Article{Besag75,
  author =       {Julian Besag},
  title =        {Statistical Analysis of Non-Lattice Data},
  journal =      {The Statistician},
  year =         {1975},
  OPTkey =       {},
  volume =       {24},
  number =       {3},
  pages =        {179--195},
  month =        {Sept},
  OPTnote =      {},
  OPTannote =    {}
}


@inproceedings{Pal06,
author = {Chris Pal and Charles Sutton and Andrew McCallum},
title = {Sparse Forward-Backward using Minimum Divergence Beams for Fast Training of Conditional Random Fields},
booktitle = {ICASSP '06: Proceedings of the IEEE International Conference on Acoustics, Speech, and Signal Processing},
pages = {},
year = {2006}
}

@InProceedings{Komodakis07,
  author = 	 {N Komodakis and N Paragios and G Tziritas},
  title = 	 {MRF Optimization via Dual Decomposition: Message-Passing Revisited},
  booktitle = iccv,
  year = 	 2007}

@inproceedings{Tappen-NIPS03,
    author = {M. F. Tappen and W. T. Freeman and E. H. Adelson},
    title = {Recovering intrinsic images from a single image},
    booktitle = nips,
    pages = {1343-1350},
    year = {2003},
}

@InProceedings{Tappen03,
  author = 	 {Marshall F Tappen and William T Freeman},
  title = 	 {Comparison of Graph Cuts with Belief Propagation for Stereo, using Identical MRF Parameters},
  booktitle = {Proceedings of the Ninth IEEE International Conference on Computer Vision (ICCV)},
  pages = 	 {900 - 907},
  year = 	 2003}

@InProceedings{Tappen04,
  author =       {Marshall F Tappen and Bryan C Russell and William T Freeman},
  title =        {Efficient Graphical Models for Processing Images},
  booktitle =    cvpr,
  year =         2004,
  volume =       {2},
  pages =        {673--680},
}



@Article{Tappen05,
  author = 	 {Marshall F. Tappen and William T. Freeman and Edward H Adelson},
  title = 	 {Recovering Intrinsic Images from a Single Image},
  journal = 	 {IEEE Transactions on Pattern Analysis and Machine Intelligence},
  year = 	 2005,
  volume = 	 27,
  number = 	 9,
  pages = 	 {1459--1472},
  month = 	 {September}}

@InProceedings{Tappen06,
  author = 	 {Marshall F Tappen and Edward H Adelson and William T Freeman.},
  title = 	 {Estimating Intrinsic Component Images using Non-Linear Regression},
  booktitle = {The Proceedings of the 2006 IEEE Computer Society Conference on Computer Vision and Pattern Recognition (CVPR)},
  pages = 	 { 1992--1999},
  year = 	 2006,
  volume = 	 2}

@InProceedings{Tappen07,
  author = 	 {M F Tappen and C Liu and E H Adelson and W T Freeman},
  title = 	 {Learning Gaussian Conditional Random Fields for 
Low-Level Vision},
  booktitle = {The Proceedings of the 2007 IEEE Computer Society Conference on Computer Vision and Pattern Recognition (CVPR)},
  year = 	 2007,
}



@InProceedings{Tappen07b,
  author = 	 {M F Tappen},
  title = 	 {Utilizing Variational Optimization to Learn Markov
                  Random Fields},
  booktitle = {The Proceedings of the 2007 IEEE Computer Society Conference on Computer Vision and Pattern Recognition (CVPR)},
  year = 	 2007,
}
