@inproceedings{linliufuh,
title = {Local ensemble kern el learning for object category recognition},
author = {Y. Y. Lin and T. Y. Liu and C. S. Fuh},
booktitle = "{C}{V}{P}{R}",
year = {2007}
}


@Manual{libsvm,
  author =   {C. Chang and C. Lin},
  title =    {{LIBSVM}: a library for SVMs},
  year =     {2001},
  }

@inproceedings{kumarSmin,
title = {Support kernel machines for object recognition},
author = {A. Kumar and C. Sminchisescu},
booktitle = "{I}{C}{C}{V}",
year = {2007}
}

@inproceedings{Bosch,
title = {Representing shape with a spatial pyramid kernel},
author = {A. Bosch and A. Zisserman and X. Munoz},
booktitle ="{C}{I}{V}{R}",
year = {2007}
}

@INPROCEEDINGS{belongie,
TITLE = {Matching Shapes},
AUTHOR = {S. Belongie and J. Malik and J. Puzicha},
BOOKTITLE = "{I}{C}{C}{V}",
YEAR = {2001},
}

@inproceedings{williamsnips06,
 title = {A Switched {G}aussian {P}rocess for Estimating Disparity and Segmentation in Binocular Stereo},
 author = {Oliver Williams},
 booktitle = "{N}{I}{P}{S}",
 year = {2006}
}

@inproceedings{raquel,
author = "R. Urtasun and D. J. Fleet and P. Fua",
title = "{G}aussian {P}rocess Dynamical Models for 3D people tracking",
booktitle = "{C}{V}{P}{R}",
year = "2006"
}

@inproceedings{Urtasun05b,
author         = "R. Urtasun and D. J. Fleet and A. Hertzman and P. Fua" ,
title          = "Priors for People Tracking from Small Training Sets" ,
booktitle      = "{I}{C}{C}{V}",
year           = "2005"
}

@inproceedings{gpLocal,
author = "R. Urtasun and T. Darrell",
title = "Local Probabilistic Regression for Activity-Independent Human Pose Inference",
booktitle = "{C}{V}{P}{R}",
year = "2008"
}

@inproceedings{tiansclaroff,
  author = "Tian, T. and  Li, R. and Sclaroff, S.",
  title = "Articulated pose estimation in a learned smooth space of feasible solutions",
  booktitle = "CVPR Learning Workshop",
  year = "2005"
  }

@inproceedings{holub,
    author = "A. D. Holub and M. Welling and P. Perona",
    title = "Combining Generative Models and Fisher Kernels for Object Class Recognition",
    booktitle = "{I}{C}{C}{V}",
    year = "2005",
    }

@inproceedings{erik,
    author = "E. Sudderth and A. Torralba and W. Freeman and A. Willsky",
    title = "Describing Visual Scenes using Transformed Dirichlet Processes",
    booktitle = "{N}{I}{P}{S}",
    year = "2005"
    }

@inproceedings{nips2006,
    author = "K. Grauman and T. Darrell",
    title = " Approximate Correspondences in High Dimensions",
    booktitle = "{N}{I}{P}{S}",
    year =  "2006"
    }

@inproceedings{peekaboom,
    author = "von Ahn, L. and Liu, R. and Blum, M.",
    title = "Peekaboom: A Game for Locating Objects in Images",
    booktitle = "ACM CHI",
    year = "2006"
    }

@INPROCEEDINGS{esp,
  AUTHOR =       {L. von Ahn and L. Dabbish},
  TITLE =        {Labeling Images with a Computer Game},
  BOOKTITLE =    {ACM CHI},
  YEAR =         {2004},
}

@INPROCEEDINGS{cvpr2006,
  AUTHOR =       {K. Grauman and T. Darrell},
  TITLE =        {Unsupervised Learning of Categories from Sets of Partially Matching Image Features},
  BOOKTITLE =    "{C}{V}{P}{R}",
  YEAR =         {2006},
}

@TECHREPORT{freundtr,
  AUTHOR =       {Y. Abramson and Y. Freund},
  TITLE =        {Active Learning for Visual Object Recognition},
  INSTITUTION =  {UCSD},
  YEAR =         {2004},
  }

@InProceedings{sivic-iccv05,
  author =   "J. Sivic and B. Russell and A. Efros and A. Zisserman and W. Freeman",
  title =    "Discovering Object Categories in Image Collections",
  booktitle = "{I}{C}{C}{V}",
  year =     "2005",
}

@Article{caltech101,
   author = "L. Fei-Fei and R. Fergus and P. Perona",
   title = "One-Shot learning of object categories",
   journal = "IEEE Transaction on Pattern Recognition and Machine Intelligence" ,
   year = "2006"
   }

@INPROCEEDINGS{lana-cvpr06,
AUTHOR = {S. Lazebnik and C. Schmid and J. Ponce},
TITLE = {Beyond Bags of Features: Spatial pyramid Matching for Recognizing Natural Scene Categories},
BOOKTITLE = "{C}{V}{P}{R}",
YEAR = 2006,
}

@InProceedings{sivic-iccv03,
  author =   "J. Sivic and A. Zisserman",
  title =    "Video {G}oogle: a Text Retrieval Approach to Object Matching in Videos",
  booktitle = "{I}{C}{C}{V}",
  year =     "2003"
}

@InProceedings{caputo,
    Author = "C. Wallraven and B. Caputo and A. Graf",
    Title  = "Recognition with Local Features: the Kernel Recipe",
    Booktitle = "{I}{C}{C}{V}",
    Year = "2003"
    }


@INPROCEEDINGS{kadir,
TITLE = {Scale Saliency : A Novel Approach to Salient Feature and Scale Selection},
AUTHOR = {T. Kadir and M. Brady},
BOOKTITLE = {International Conference Visual Information Engineering},
YEAR = {2003},
}

@INPROCEEDINGS{forests,
  AUTHOR =       {F. Moosmann, B. Triggs and F. Jurie},
  TITLE =        {Fast Discriminative Visual Codebooks using Randomized Clustering Forests},
  BOOKTITLE =    "{N}{I}{P}{S}",
  YEAR =         {2007},
}

@INPROCEEDINGS{geoblur,
AUTHOR = {A. Berg and J. Malik},
TITLE = {Geometric Blur for Template Matching},
BOOKTITLE = "{C}{V}{P}{R}",
YEAR = {2001},
}




@INPROCEEDINGS{zhang-cvpr06,
  AUTHOR =       {H. Zhang and A. Berg and M. Maire and J. Malik},
  TITLE =        {S{V}{M}-{K}{N}{N}: Discriminative Nearest Neighbor Classification for Visual Category Recognition},
  BOOKTITLE =    "{C}{V}{P}{R}",
  YEAR =         {2006}
}


@Article{harris,
    Author = "K. Mikolajczyk and C. Schmid",
    Title =  "Scale and {A}ffine {I}nvariant {I}nterest {P}oint {D}etectors",
    Journal = "{I}{J}{C}{V}",
    Month = "October",
    Volume = 1,
    Number = 60,
    Pages = "63--86",
    Year = 2004,
    }

@INPROCEEDINGS{nister,
  AUTHOR =       {D. Nister and H. Stewenius},
  TITLE =        {Scalable {R}ecognition with a {V}ocabulary {T}ree},
  BOOKTITLE =    "{C}{V}{P}{R}",
  YEAR =         {2006}
}

@Article{lowe,
  Author         = "D. Lowe",
  Title          = "Distinctive Image Features from Scale-Invariant Keypoints",
  Journal        = "{I}{J}{C}{V}",
  Volume         = "60",
  Number         = "2",
  year           = 2004
}


@InProceedings{schmid,
  author =  "K. Mikolajczyk and C. Schmid",
  title =   "Indexing {B}ased on {S}cale {I}nvariant {I}nterest {P}oints",
  booktitle = "{I}{C}{C}{V}",
  year =    "2001"
}



@InProceedings{fergus03,
  author = "R. Fergus and P. Perona and A. Zisserman",
  title = "Object Class Recognition by Unsupervised Scale-Invariant Learning",
  year = "2003",
  BookTitle = "{C}{V}{P}{R}"
   }


@INPROCEEDINGS{iccv2005,
  AUTHOR =       {K. Grauman and T. Darrell},
  TITLE =        {The Pyramid Match Kernel: Discriminative Classification with Sets of Image Features},
  BOOKTITLE =    "{I}{C}{C}{V}",
  YEAR =         {2005}
  }

@MANUAL{labelme,
  TITLE =        {http\hspace{0.02in}://labelme.csail.mit.edu/},
}


@inproceedings{KD_trees,
   author = "Shen, Y. and Ng, A. and Seeger, M.",
   title = "Fast {G}aussian {P}rocess regression using KD-trees",
   booktitle = "{N}{I}{P}{S}",
   year = "2006"
   }

@inproceedings{smolaGP,
   author = "Smola, A. J. and Bartlett, P. L.",
   title = "Sparse greedy {G}aussian {P}rocess regression",
   booktitle = "{N}{I}{P}{S}",
   year = "2001"
   }

@inproceedings{pseudoGP,
   author = "Snelson, E. and Ghahramani, Z.",
   title = "Sparse {G}aussian {P}rocesses using pseudo-inputs",
   booktitle = "{N}{I}{P}{S}",
   year = "2006"
   }

@inproceedings{lewis94sequential,
    author = "Lewis, D. D. and Gale, W. A.",
    title = "A sequential algorithm for training text classifiers",
    booktitle = "International Conference on Research and Development in Information Retrieval",
    year = "1994"
}

@inproceedings{busybody,
    author = "Horvitz, E. and Apacible, J. and Koch, P.",
    title = " BusyBody: Creating and Fielding Personalized Models of the Cost of Interruption",
    booktitle = "{C}{S}{C}{W}",
    year = "2004"
    }


@InProceedings{varma,
AUTHOR = {M. Varma and D. Ray},
TITLE = {Learning the discriminative power-invariance trade-off},
BOOKTITLE = "{I}{C}{C}{V}",
YEAR = {2007},
}



@InProceedings{frome07,
AUTHOR = {A. Frome and Y. Singer and F. Sha and J. Malik},
TITLE = {Learning Globally-Consistent Local Distance Functions for Shape-Based Image Retrieval and Classification},
BOOKTITLE = "{I}{C}{C}{V}",
YEAR = {2007},
}

@inproceedings{cesa,
    author = "Cesa-Bianchi, N. and Conconi, A, and Gentile, C.",
    title = "Learning probabilistic linear-threshold classifiers via selective sampling",
    booktitle = "{C}{O}{L}{T}",
    year = "2003"
    }

@Article{paek,
    author = "Horvitz, E. and Paek, T.",
    title = "Complementary Computing, Journal of User Modeling and User-Adapted Interaction",
    journal = "Special Issue on Statistical and Probabilistic Methods for User Modeling",
    year = 2007
}

@InProceedings{kapoor-iccv07,
TITLE = {Active Learning with {G}aussian {P}rocesses for Object Categorization},
AUTHOR = {A. Kapoor and K. Grauman and R. Urtasun and T. Darrell},
BOOKTITLE = "{I}{C}{C}{V}",
YEAR = {2007},
}

@InProceedings{nowak,
TITLE = {Sampling Strategies for Bag-of-Features Image Classification},
AUTHOR = {E. Nowak and F. Jurie and B. Triggs},
BOOKTITLE = "{E}{C}{C}{V}",
YEAR = {2006},
}


@InProceedings{Kapoor_IJCAI,
    author = {Kapoor, A. and Horvitz, E. and Basu, S.},
    title={Selective Supervision: Guiding Supervised Learning with Decision-Theoretic Active Learning},
    booktitle = "{I}{J}{C}{A}{I}",
    year = 2007
}

@InProceedings{Horvitz_etal99,
    author = {Horvitz, E. and Jacobs, A. and Hovel, D.},
    title={Attention-Sensitive Alerting},
    booktitle = "{U}{A}{I}",
    year = 1999
}

@PHDTHESIS{minka_thesis,
   author = "Minka, T. P.",
   title = "A Family of Algorithms for Approximate {B}ayesian Inference",
   school = "{M}{I}{T}",
   year = 2001,
}

@PHDTHESIS{kapoor_thesis,
   author = "Kapoor, A.",
   title = "Learning Discriminative Models with Incomplete Data",
   school = "{M}{I}{T}",
   year = 2006,
}

@ARTICLE{svm_regularization,
   author = {Evgeniou, T. and Pontil, M. and Poggio, T.},
   title = {Regularization Networks and Support Vector Machines},
   journal = {Advances in Computational Mathematics},
   year = 2000,
   volume = 13,
   number = 1
  }

@Article{seeger_GP,
  author = {Seeger, M.},
  title = {{G}aussian {P}rocesses for Machine Learning},
  journal = {International Journal of Neural Systems},
  year = {2004},
  volume = {14},
  number = {2}
}

@Article{sollich,
  author = {Sollich, P.},
  title = {Probabilistic methods for support vector machines},
  journal = "{N}{I}{P}{S}",
  year = {1999}
}

@Article{platt,
 author = {Platt, J. C.},
 title = {Probabilities for support vector machines},
 journal = {Advances in Large Margin Classifiers},
 year = {2000}
 }

@inproceedings{tong,
   author = {Tong, S. and Koller, D.},
   title = {Support Vector Machine Active Learning with Applications to Text Classification},
   booktitle = "{I}{C}{M}{L}",
   year =   {2000}
}

@inproceedings{chu,
   author = {Chu, W. and Ghahramani, Z.},
   title = {Extensions of {G}aussian {P}rocesses for ranking: semi-supervised and active learning},
   booktitle =  {Workshop Learning to Rank at NIPS},
   year = {2005}
}

@Article{ivm,
   author = {Lawrence, N. and Seeger, M. and Herbrich, R.},
   title = {Fast Sparse {G}aussian {P}rocess Method: Informative Vector Machines},
   journal = "{N}{I}{P}{S}",
   year = {2002}
}

@inproceedings{zhu,
   author = {Zhu, X. and Lafferty, J. and Ghahramani, Z.},
   title = {Combining Active Learning and Semi-Supervised Learning Using {G}aussian Fields and Harmonic Functions},
   booktitle = {Workshop on The Continuum from Labeled to Unlabeled Data in Machine Learning and Data Mining at ICML},
   year = {2003}
}

@Article{cohn,
   author = {Cohn, D. A. and Ghahramani, Z. and Jordan, M. I.},
   title = {Active Learning with Statistical Models},
   booktitle = {Journal of Artificial Intelligence Research},
   volume = {4},
   year = {1996}
}

@Article{changIR,
    author = "Chang, E. Y. and Tong, S. and Goh, K. and Chang, C.",
    title = "Support Vector Machine Concept-Dependent Active Learning for Image Retrieval",
    journal = "IEEE Transactions on Multimedia",
    year = "2005",
    }

@Article{mackay,
    author = {MacKay, D.},
    title = {Information-Based Objective Functions for Active Data Selection},
    journal = {Neural Computation},
    volume = {4},
    number = {4},
    year = {1992},
}

@inproceedings{mccallum,
    author = {McCallum, A. K. and Nigam, K.},
    title = {Employing {EM} in pool-based active learning for text classification},
    booktitle = "{I}{C}{M}{L}",
    year = {1998},
}

@inproceedings{muslea,
 author = {Muslea, I. and Minton, S. and Knoblock, C. A.},
 title = {Active + Semi-supervised Learning = Robust Multi-View Learning},
 booktitle = "{I}{C}{M}{L}",
 year = {2002},
 }

@Article{freund,
    author = {Freund, Y. and Seung, H. S. and Shamir, E. and Tishby, N.},
    title = {Selective Sampling Using the Query by Committee Algorithm},
    journal = {Machine Learning},
    volume = {28},
    number = {2-3},
    year = {1997}
}

@techreport{SSGP,
    author = {Sindhwani, V. and Chu, W. and Keerthi, S. S.},
    title = {Semi-supervised {G}aussian Processes},
    institution = {Yahoo! Research Labs},
    number = {YRL-2005-60},
    year =   {2005},
}

@inproceedings{pitch,
    author = {Droppo, J. and Acero, A.},
    title = {Maximum a Posteriori Pitch Tracking},
    booktitle = {International Conference on Spoken Language Processing},
    year = {1998}
}

@Book{GP_book,
author = {Carl Edward Rasmusen and Chris Williams},
title = {{G}aussian {P}rocesses for Machine Learning},
publisher = {{M}{I}{T} Press},
year = {2006}
}

@Article{Williams98,
    author = {C.K.I. Williams and D. Barber},
    title = {Bayesian Classification with {G}aussian {P}rocesses},
    journal = "IEEE Transaction on Pattern Recognition and Machine Intelligence" ,
    volume = {20},
    number = {12},
    year = {1998},
    pages = "1342--1351"
}

@inproceedings{kuss06,
 title = {Assessing approximations for {G}aussian {P}rocess Classification},
 author = {M. Kuss and C. E. Rasmussen},
 booktitle = "{N}{I}{P}{S}",
 year = {2006},
 pages = "699--706"
}
