%% This BibTeX bibliography file was created using BibDesk.
%% http://bibdesk.sourceforge.net/


%% Created for zickler at 2009-01-06 14:52:23 -0500 


%% Saved with string encoding Western (ASCII) 


@string{acmg = {ACM Transactions on Graphics}}

@string{ai = {Artificial Intelligence}}

@string{ao = {Applied Optics}}

@string{bmcv = {Proc.~British Machine Vision Conference}}

@string{cacm = {Comm. of the ACM}}

@string{cg = {Computer Graphics}}

@string{cvgip = {Computer Vision, Graphics and Image Processing}}

@string{cviu = {Computer Vision and Image Understanding}}

@string{cvpr = {Proc. IEEE Conf. Computer Vision and Pattern Recognition}}

@string{eccv = {Proc.~European Conf.~Computer Vision}}

@string{eurograph = {Proc. Eurographics Workshop on Rendering}}

@string{eurograph2 = {Proc. Eurographics Symposium on Rendering}}

@string{grs = {IEEE Trans. Geoscience and Remote Sensing}}

@string{iccv = {Proc.~IEEE~Int.~Conf.~Computer Vision}}

@string{icip = {Proc.~Int.~Conf.~Image Processing}}

@string{ijcai = {Proc.~Int.~Joint Conf.~Artificial Intelligence}}

@string{ijcv = {Int. Journal of Computer Vision}}

@string{ijrr = {Int. Journal of Robotics Research}}

@string{info93 = {Proc. Conf. on Information Sciences and Systems}}

@string{ip = {IEEE Trans. Image Processing}}

@string{ivc = {Image and Vision Computing}}

@string{josa = {J. Opt Soc. Am.}}

@string{josaa = {J. Optical  Society of America A}}

@string{jov = {Journal of Vision}}

@string{jra = {IEEE J. of Robotics and Automation}}

@string{mitai = {MIT Artificial Intelligence Laboratory}}

@string{pami = {IEEE Trans. Pattern Analysis and Machine Intelligence}}

@string{pvt = {Proc. Int. Symp. on 3{D} Data Processing, Visualization and Transmission}}

@string{ra = {Proc. IEEE Conf. Robotics and Automation}}

@string{siggraph = {Proc. ACM SIGGRAPH}}

@string{tog = {ACM Transactions on Graphics}}

@string{vcg = {IEEE Trans. Visualization and Computer Graphics}}


@conference{lecun2005lfd,
	Author = {LeCun, Y. and Huang, F.J.},
	Booktitle = {Proc. of the 10-thInternational Workshop on Artificial Intelligence and Statistics (AIStats' 05)},
	Date-Added = {2008-10-31 10:46:13 -0400},
	Date-Modified = {2008-10-31 10:46:13 -0400},
	Title = {{Loss functions for discriminative training of energy-based models}},
	Volume = {3},
	Year = {2005}}

@article{zhu1997abb,
	Author = {Zhu, C. and Byrd, R.H. and Lu, P. and Nocedal, J.},
	Date-Added = {2008-10-30 15:47:24 -0400},
	Date-Modified = {2008-10-30 15:47:24 -0400},
	Journal = {ACM Transactions on Mathematical Software (TOMS)},
	Number = {4},
	Pages = {550--560},
	Publisher = {ACM New York, NY, USA},
	Title = {Algorithm 778: L-BFGS-B: Fortran subroutines for large-scale bound-constrained optimization},
	Volume = {23},
	Year = {1997}}

@conference{sha2003spc,
	Author = {Sha, F. and Pereira, F.},
	Booktitle = {Proceedings of HLT-NAACL},
	Date-Added = {2008-10-30 15:46:19 -0400},
	Date-Modified = {2008-10-30 15:46:19 -0400},
	Title = {Shallow parsing with conditional random fields},
	Volume = {2003},
	Year = {2003}}

@techreport{frvt06,
	Author = {Phillips, Jonathon  P.  and Scruggs, Todd  W.  and O'toole, Alice  J.  and Flynn, Patrick  J.  and Bowyer, Kevin  W.  and Schott, Cathy  L.  and Sharpe, Matthew  },
	Citeulike-Article-Id = {2625668},
	Date-Added = {2008-10-30 15:45:10 -0400},
	Date-Modified = {2008-10-30 15:45:24 -0400},
	Institution = {National Institute of Standards and Technology},
	Month = {March},
	Posted-At = {2008-04-03 11:06:01},
	Priority = {1},
	Title = {FRVT 2006 and ICE 2006 Large-Scale Results},
	Volume = {NISTIR 7408},
	Year = {2007}}

@conference{chakrabarti2008ccb,
	Author = {Chakrabarti, A. and Hirakawa, K. and Zickler, T.},
	Booktitle = {Proc. IEEE Conf. Computer Vision and Pattern Recognition},
	Date-Added = {2008-10-30 02:37:50 -0400},
	Date-Modified = {2008-10-30 02:37:50 -0400},
	Title = {Color constancy beyond bags of pixels},
	Year = {2008}}

@conference{chong2007kha,
	Author = {Chong, H.Y. and Gortler, S.J. and Zickler, T.},
	Booktitle = {Computer Vision, 2007. ICCV 2007. IEEE 11th International Conference on},
	Date-Added = {2008-10-30 02:37:50 -0400},
	Date-Modified = {2008-10-30 02:37:50 -0400},
	Pages = {1--8},
	Title = {The von Kries Hypothesis and a Basis for Color Constancy},
	Year = {2007}}

@inproceedings{Sunkavalli2008wdc,
	Author = {K. Sunkavalli and F. Romeiro and W. Matusik and T. Zickler and H. Pfister},
	Booktitle = cvpr,
	Date-Added = {2008-10-30 02:37:50 -0400},
	Date-Modified = {2008-10-30 02:37:50 -0400},
	Note = {To appear.},
	Title = {What do color changes reveal about an outdoor scene?},
	Year = 2008}

@article{ZiMaKrBe08,
	Author = {T. Zickler and S. P. Mallick and D. J. Kriegman and             P. N. Belhumeur},
	Date-Added = {2008-10-30 02:26:21 -0400},
	Date-Modified = {2008-10-30 02:26:21 -0400},
	Journal = {International Journal of Computer Vision},
	Month = {August},
	Number = {1},
	Pages = {13--30},
	Title = {Color Subspaces as Photometric Invariants},
	Volume = {29},
	Year = {2008}}

@inproceedings{Romeiro2007mbs,
	Author = {F. Romeiro and T. Zickler},
	Booktitle = {Proc. IEEE Workshop on Automatic Face and Gesture Recognition (AMFG) 2007},
	Date-Added = {2008-10-30 02:23:31 -0400},
	Date-Modified = {2008-10-30 02:23:31 -0400},
	Title = {Model-based stereo with occlusions},
	Year = {2007}}

@misc{watts2002ias,
	Author = {Watts, D.J. and Dodds, P.S. and Newman, MEJ},
	Date-Added = {2008-10-30 01:45:50 -0400},
	Date-Modified = {2008-10-30 01:45:50 -0400},
	Journal = {Science},
	Number = {5571},
	Pages = {1302--1305},
	Title = {Identity and Search in Social Networks},
	Volume = {296},
	Year = {2002}}

@conference{kumar2006sae,
	Author = {Kumar, R. and Novak, J. and Tomkins, A.},
	Booktitle = {Proceedings of the 12th ACM SIGKDD international conference on Knowledge discovery and data mining},
	Date-Added = {2008-10-30 01:29:07 -0400},
	Date-Modified = {2008-10-30 01:29:07 -0400},
	Organization = {ACM New York, NY, USA},
	Pages = {611--617},
	Title = {Structure and evolution of online social networks},
	Year = {2006}}

@conference{snavely2006pte,
	Author = {Snavely, N. and Seitz, S.M. and Szeliski, R.},
	Booktitle = {International Conference on Computer Graphics and Interactive Techniques},
	Date-Added = {2008-10-29 15:29:06 -0400},
	Date-Modified = {2008-10-29 15:29:06 -0400},
	Organization = {ACM New York, NY, USA},
	Pages = {835--846},
	Title = {Photo tourism: exploring photo collections in 3D},
	Year = {2006}}

@manual{libsvm,
	Author = {Chih-Chung Chang and Chih-Jen Lin},
	Date-Added = {2008-10-29 11:21:34 -0400},
	Date-Modified = {2008-10-29 11:21:46 -0400},
	Note = {Software available at \url{http://www.csie.ntu.edu.tw/~cjlin/libsvm}},
	Title = {{LIBSVM}: a library for support vector machines},
	Year = {2001}}

@article{Kumar07skm,
	Author = {Kumar, A. and Sminchisescu, C.},
	Date-Added = {2008-10-29 11:17:50 -0400},
	Date-Modified = {2008-10-31 10:59:51 -0400},
	Journal = {Proc.~IEEE~Int.~Conf.~Computer Vision},
	Title = {Support Kernel Machines for Object Recognition},
	Year = {2007},
	Bdsk-Url-1 = {http://dx.doi.org/10.1109/ICCV.2007.4409065}}

@conference{zhang2006skd,
	Author = {Zhang, H. and Berg, A. and Maire, M. and Malik, J.},
	Booktitle = {Proc. IEEE Conf. Computer Vision and Pattern Recognition},
	Date-Added = {2008-10-29 11:13:28 -0400},
	Date-Modified = {2008-10-31 11:05:05 -0400},
	Title = {{SVM-KNN}: Discriminative nearest neighbor classification for visual category recognition},
	Volume = {2},
	Year = {2006}}

@conference{lin2007lek,
	Author = {Lin, Y.Y. and Liu, T.L. and Fuh, C.S.},
	Booktitle = {Computer Vision and Pattern Recognition, 2007. CVPR'07. IEEE Conference on},
	Date-Added = {2008-10-29 11:12:57 -0400},
	Date-Modified = {2008-10-29 11:12:57 -0400},
	Pages = {1--8},
	Title = {Local Ensemble Kernel Learning for Object Category Recognition},
	Year = {2007}}

@conference{frome2007lgc,
	Author = {Frome, A. and Singer, Y. and Sha, F. and Malik, J. and EECS, UC},
	Booktitle = {Computer Vision, 2007. ICCV 2007. IEEE 11th International Conference on},
	Date-Added = {2008-10-29 11:12:20 -0400},
	Date-Modified = {2008-10-29 11:12:20 -0400},
	Pages = {1--8},
	Title = {{Learning Globally-Consistent Local Distance Functions for Shape-Based Image Retrieval and Classification}},
	Year = {2007}}

@conference{varma2007ldp,
	Author = {Varma, M. and Ray, D.},
	Booktitle = {Computer Vision, 2007. ICCV 2007. IEEE 11th International Conference on},
	Date-Added = {2008-10-29 11:10:21 -0400},
	Date-Modified = {2008-10-29 11:10:21 -0400},
	Pages = {1--8},
	Title = {Learning The Discriminative Power-Invariance Trade-Off},
	Year = {2007}}

@conference{bosch2007rss,
	Author = {Bosch, A. and Zisserman, A. and Munoz, X.},
	Booktitle = {Proceedings of the 6th ACM international conference on Image and video retrieval},
	Date-Added = {2008-10-29 11:08:59 -0400},
	Date-Modified = {2008-10-29 11:08:59 -0400},
	Organization = {ACM Press New York, NY, USA},
	Pages = {401--408},
	Title = {{Representing shape with a spatial pyramid kernel}},
	Year = {2007}}

@conference{grauman2005pmk,
	Author = {Grauman, K. and Darrell, T.},
	Booktitle = {Proc.~IEEE~Int.~Conf.~Computer Vision},
	Date-Added = {2008-10-29 11:06:24 -0400},
	Date-Modified = {2008-10-31 10:40:08 -0400},
	Title = {The pyramid match kernel: Discriminative classification with sets of image features},
	Year = {2005}}

@conference{collins1999umn,
	Author = {Collins, M. and Singer, Y.},
	Booktitle = {Proceedings of the Joint SIGDAT Conference on Empirical Methods in Natural Language Processing and Very Large Corpora},
	Date-Added = {2008-10-29 11:03:34 -0400},
	Date-Modified = {2008-10-29 11:03:34 -0400},
	Pages = {189--196},
	Title = {Unsupervised models for named entity classification},
	Year = {1999}}

@conference{blum1998cla,
	Author = {Blum, A. and Mitchell, T.},
	Booktitle = {Proceedings of the eleventh annual conference on Computational learning theory},
	Date-Added = {2008-10-29 11:03:02 -0400},
	Date-Modified = {2008-10-29 11:03:02 -0400},
	Organization = {ACM New York, NY, USA},
	Pages = {92--100},
	Title = {Combining labeled and unlabeled data with co-training},
	Year = {1998}}

@incollection{NIPS2007_496,
	Address = {Cambridge, MA},
	Author = {Shipeng  Yu and Balaji Krishnapuram and Romer Rosales and Harald Steck and R. Bharat Rao},
	Booktitle = {Advances in Neural Information Processing Systems 20},
	Date-Added = {2008-10-29 11:02:27 -0400},
	Date-Modified = {2008-10-29 11:02:27 -0400},
	Editor = {J.C. Platt and D. Koller and Y. Singer and S. Roweis},
	Pages = {1665--1672},
	Publisher = {MIT Press},
	Title = {Bayesian Co-Training},
	Year = {2008}}

@phdthesis{Kapoor06ldm,
	Author = {A. Kapoor},
	Date-Added = {2008-10-29 10:57:55 -0400},
	Date-Modified = {2008-10-29 10:58:37 -0400},
	School = {Massachusetts Institute of Technology Media Lab},
	Title = {Learning discriminative models with incomplete data},
	Year = {2006}}

@techreport{zhu2003ssl,
	Author = {Zhu, X. and Lafferty, J. and Ghahraman, Z.},
	Date-Added = {2008-10-29 10:56:53 -0400},
	Date-Modified = {2008-10-29 10:56:53 -0400},
	Institution = {Tech Report CMU-CS-03-175, Carnegie Mellon University, School of Computer Science},
	Title = {Semin-Supervised Learning: From Gaussian Fields to Gaussian Processes},
	Year = {2003}}

@article{lawrence2005ssl,
	Author = {Lawrence, N.D. and Jordan, M.I.},
	Date-Added = {2008-10-29 10:56:05 -0400},
	Date-Modified = {2008-10-29 10:56:05 -0400},
	Journal = {Advances in Neural Information Processing Systems},
	Pages = {753--760},
	Title = {Semi-supervised learning via Gaussian processes},
	Volume = {17},
	Year = {2005}}

@conference{davis2007itm,
	Author = {Davis, J.V. and Kulis, B. and Jain, P. and Sra, S. and Dhillon, I.S.},
	Booktitle = {Proceedings of the 24th international conference on Machine learning},
	Date-Added = {2008-10-29 10:05:18 -0400},
	Date-Modified = {2008-10-29 10:05:18 -0400},
	Organization = {ACM Press New York, NY, USA},
	Pages = {209--216},
	Title = {{Information-theoretic metric learning}},
	Year = {2007}}

@conference{stone2008afs,
	Author = {Stone, Z. and Zickler, T. and Darrell, T.},
	Booktitle = {Computer Vision and Pattern Recognition Workshops, 2008. CVPR Workshops 2008. IEEE Computer Society Conference on},
	Date-Added = {2008-10-29 02:07:01 -0400},
	Date-Modified = {2008-10-29 02:09:38 -0400},
	Title = {{Autotagging Facebook: Social network context improves photo annotation}},
	Year = {2008}}

@inproceedings{1149949,
	Address = {New York, NY, USA},
	Author = {Cameron Marlow and Mor Naaman and Danah Boyd and Marc Davis},
	Booktitle = {HYPERTEXT '06: Proceedings of the seventeenth conference on Hypertext and hypermedia},
	Date-Added = {2008-10-29 01:41:47 -0400},
	Date-Modified = {2008-10-29 01:41:47 -0400},
	Doi = {http://doi.acm.org/10.1145/1149941.1149949},
	Isbn = {1-59593-417-0},
	Location = {Odense, Denmark},
	Pages = {31--40},
	Publisher = {ACM},
	Title = {HT06, tagging paper, taxonomy, Flickr, academic article, to read},
	Year = {2006},
	Bdsk-Url-1 = {http://doi.acm.org/10.1145/1149941.1149949}}

@conference{kuchinsky1999fcm,
	Author = {Kuchinsky, A. and Pering, C. and Creech, M.L. and Freeze, D. and Serra, B. and Gwizdka, J.},
	Booktitle = {Proceedings of the SIGCHI conference on Human factors in computing systems: the CHI is the limit},
	Date-Added = {2008-10-29 00:42:00 -0400},
	Date-Modified = {2008-10-29 00:42:00 -0400},
	Organization = {ACM Press New York, NY, USA},
	Pages = {496--503},
	Title = {{FotoFile: a consumer multimedia organization and retrieval system}},
	Year = {1999}}

@conference{shneiderman2000dad,
	Author = {Shneiderman, B. and Kang, H.},
	Booktitle = {Proceedings of International Conference on Information Visualization (VI2000)},
	Date-Added = {2008-10-29 00:39:38 -0400},
	Date-Modified = {2008-10-29 00:41:00 -0400},
	Pages = {88--95},
	Title = {Direct Annotation: A Drag and Drop Strategy for Labeling Photos},
	Year = {2000}}

@conference{weiiyin2001sai,
	Author = {Weiiyin, L. and Dumais, S. and Sun, Y. and Zhang, H. and Czerwinski, M. and Field, B.},
	Booktitle = {Human-Computer Interaction-Interact'01},
	Date-Added = {2008-10-29 00:38:04 -0400},
	Date-Modified = {2008-10-29 00:38:04 -0400},
	Organization = {IOS Press},
	Title = {{Semi-Automatic Image Annotation}},
	Year = {2001}}

@conference{rodden2003pmt,
	Author = {Rodden, K. and Wood, K.R.},
	Booktitle = {Proceedings of the SIGCHI conference on Human factors in computing systems},
	Date-Added = {2008-10-29 00:14:16 -0400},
	Date-Modified = {2008-10-29 00:14:16 -0400},
	Organization = {ACM Press New York, NY, USA},
	Pages = {409--416},
	Title = {How do people manage their digital photographs?},
	Year = {2003}}

@conference{berg2004naf,
	Author = {Berg, T. and Berg, A. and Edwards, J. and Maire, M. and White, R. and Teh, Y.W. and Learned-Miller, E. and Forsyth, D. and Berkeley, UC},
	Booktitle = {Proc. IEEE Conf. Computer Vision and Pattern Recognition},
	Date-Added = {2008-10-14 23:36:57 +0200},
	Date-Modified = {2008-10-31 10:51:58 -0400},
	Title = {Names and Faces in the News},
	Volume = {2},
	Year = {2004}}

@conference{berg2005sp,
	Author = {Berg, T.L. and Berg, A.C. and Edwards, J. and Forsyth, DA},
	Booktitle = {Advances in Neural Information Processing Systems 17: Proceedings Of The 2004 Conference},
	Date-Added = {2008-10-14 23:35:42 +0200},
	Date-Modified = {2008-10-14 23:35:42 +0200},
	Organization = {MIT Press},
	Title = {Who's in the Picture?},
	Year = {2005}}

@article{felzenszwalb2005pso,
	Author = {Felzenszwalb, P.F. and Huttenlocher, D.P.},
	Date-Added = {2008-10-14 23:22:55 +0200},
	Date-Modified = {2008-10-14 23:22:55 +0200},
	Journal = {International Journal of Computer Vision},
	Number = {1},
	Pages = {55--79},
	Publisher = {Springer},
	Title = {Pictorial Structures for Object Recognition},
	Volume = {61},
	Year = {2005}}

@inproceedings{LNCS53050340,
	Author = {Neeraj Kumar and Peter Belhumeur and Shree Nayar},
	Booktitle = {Computer Vision -- ECCV 2008},
	Date-Added = {2008-10-14 22:45:50 +0200},
	Date-Modified = {2008-10-14 22:45:50 +0200},
	Editor = {David Forsyth and Philip Torr and Andrew Zisserman},
	Isbn = {978-3-540-88692-1},
	Location = {Heidelberg},
	Pages = {340--353},
	Publisher = {Springer},
	Series = {LNCS},
	Title = {FaceTracer: A Search Engine for Large Collections of Images with Faces},
	Volume = {5305},
	Year = {2008}}

@conference{nowak2007lvs,
	Author = {Nowak, E. and Jurie, F.},
	Booktitle = {Computer Vision and Pattern Recognition, 2007. CVPR'07. IEEE Conference on},
	Date-Added = {2008-10-14 22:38:11 +0200},
	Date-Modified = {2008-10-14 22:38:11 +0200},
	Pages = {1--8},
	Title = {Learning visual similarity measures for comparing never seen objects},
	Year = {2007}}

@article{HolubMoreelsPeronaFG08,
	Author = {A.D. Holub, P. Moreels, P. Perona},
	Date-Added = {2008-10-14 22:34:37 +0200},
	Date-Modified = {2008-10-14 22:34:37 +0200},
	Journal = {8th IEEE Int'l Conference on Automatic Face and Gesture Recognition},
	Title = {Unsupervised Clustering for Google Searches of Celebrity Images},
	Year = {2008}}

@inproceedings{Everingham06a,
	Author = {Everingham, M. and Sivic, J. and Zisserman, A.},
	Booktitle = {Proceedings of the British Machine Vision Conference},
	Date-Added = {2008-10-14 21:54:38 +0200},
	Date-Modified = {2008-10-14 21:54:38 +0200},
	Title = {Hello! My name is... Buffy -- Automatic Naming of Characters in    TV Video},
	Year = {2006}}

@techreport{huang:lfw,
	Author = {Huang, G.B. and Ramesh, M. and Berg, T. and Learned-Miller, E.},
	Date-Added = {2008-10-14 21:53:35 +0200},
	Date-Modified = {2008-10-14 21:53:35 +0200},
	Institution = {Technical Report 07-49, University of Massachusetts, Amherst, October 2007},
	Title = {Labeled Faces in the Wild: A Database for Studying Face Recognition in Unconstrained Environments}}

@inproceedings{feifeicvpr07,
	Author = {L.-J. Li and G. Wang and L. Fei-Fei},
	Booktitle = cvpr,
	Title = {{OPTIMOL}: automatic object Picture collecTion via Incremental MOdel Learning},
	Year = 2007}

@article{berg2006aw,
	Author = {Berg, TL and Forsyth, DA},
	Date-Modified = {2008-10-31 10:52:43 -0400},
	Journal = {Proc. IEEE Conf. on Computer Vision and Pattern Recognition},
	Title = {{Animals on the Web}},
	Volume = {2},
	Year = {2006}}

@article{andozhang05,
	Author = {R. K. Ando and T. Zhang},
	Journal = {Journal of Machine Learning Research},
	Title = {A framework for learning predictive structures from multiple tasks and unlabeled data},
	Volume = 6,
	Year = 2005}

@inproceedings{quattonicvpr07,
	Author = {Ariadna Quattoni, Micheal Collins, trevor darrell},
	Booktitle = {Proc. CVPR 2007},
	Month = {June},
	Organization = {IEEE CS Press},
	Title = {Learning Visual Representations using Images with               Captions},
	Url = {http://www.truststc.org/pubs/276.html},
	Year = {2007},
	Bdsk-Url-1 = {http://www.truststc.org/pubs/276.html}}

@article{bohm2001shd,
	Author = {B{\"o}hm, C. and Berchtold, S. and Keim, D.A.},
	Journal = {ACM Computing Surveys (CSUR)},
	Number = {3},
	Pages = {322--373},
	Publisher = {ACM Press New York, NY, USA},
	Title = {{Searching in high-dimensional spaces: Index structures for improving the performance of multimedia databases}},
	Volume = {33},
	Year = {2001}}

@article{zhou2003rfi,
	Author = {Zhou, X.S. and Huang, T.S.},
	Journal = {Multimedia Systems},
	Number = {6},
	Pages = {536--544},
	Publisher = {Springer},
	Title = {{Relevance feedback in image retrieval: A comprehensive review}},
	Volume = {8},
	Year = {2003}}

@article{datta2007iri,
	Author = {Datta, R. and Joshi, D. and Li, J. and Wang, J.Z.},
	Journal = {ACM Computing Surveys},
	Pages = {65},
	Title = {{Image Retrieval: Ideas, Influences, and Trends of the New Age}},
	Volume = {39},
	Year = {2007}}

@article{smeulders2000cbi,
	Author = {Smeulders, AWM and Worring, M. and Santini, S. and Gupta, A. and Jain, R.},
	Journal = {Pattern Analysis and Machine Intelligence, IEEE Transactions on},
	Number = {12},
	Pages = {1349--1380},
	Title = {{Content-based image retrieval at the end of the early years}},
	Volume = {22},
	Year = {2000}}

@article{vishwanathan2006atc,
	Author = {Vishwanathan, SVN and Schraudolph, N.N. and Schmidt, M.W. and Murphy, K.P.},
	Journal = {Proceedings of the 23rd international conference on Machine learning},
	Pages = {969--976},
	Publisher = {ACM Press New York, NY, USA},
	Title = {{Accelerated training of conditional random fields with stochastic gradient methods}},
	Year = {2006}}

@article{lafferty2004kcr,
	Author = {Lafferty, J. and Zhu, X. and Liu, Y.},
	Journal = {ACM International Conference Proceeding Series},
	Publisher = {ACM Press New York, NY, USA},
	Title = {{Kernel conditional random fields: representation and clique selection}},
	Year = {2004}}

@article{lafferty2001crf,
	Author = {Lafferty, J. and McCallum, A. and Pereira, F.},
	Journal = {Proc. 18th International Conf. on Machine Learning},
	Pages = {282--289},
	Title = {{Conditional random fields: Probabilistic models for segmenting and labeling sequence data}},
	Year = {2001}}

@article{yanover2007mal,
	Author = {Yanover, C. and Schueler-Furman, O. and Weiss, Y.},
	Journal = {Proc. of the 7th Ann. Intl. Conf. on Research in Comput. Biol.(RECOMB)},
	Pages = {381--395},
	Publisher = {Springer},
	Title = {{Minimizing and Learning Energy Functions for Side-Chain Prediction}},
	Year = {2007}}

@article{frey2007cpm,
	Author = {Frey, B.J. and Dueck, D.},
	Journal = {Science},
	Number = {5814},
	Pages = {972},
	Publisher = {AAAS},
	Title = {{Clustering by Passing Messages Between Data Points}},
	Volume = {315},
	Year = {2007}}

@article{zhao2003frl,
	Author = {Zhao, W. and Chellappa, R. and Phillips, P.J. and Rosenfeld, A.},
	Journal = {ACM Computing Surveys},
	Number = {4},
	Pages = {399--458},
	Title = {{Face Recognition: A Literature Survey}},
	Volume = {35},
	Year = {2003}}

@article{naaman2004aod,
	Author = {Naaman, M. and Song, YJ and Paepcke, A. and Garcia-Molina, H.},
	Journal = {Digital Libraries, 2004. Proceedings of the 2004 Joint ACM/IEEE Conference on},
	Pages = {53--62},
	Title = {{Automatic organization for digital photographs with geographic coordinates}},
	Year = {2004}}

@article{he2004mcr,
	Author = {He, X. and Zemel, RS and Carreira-Perpinan, MA},
	Date-Modified = {2008-10-31 10:41:26 -0400},
	Journal = {Proc IEEE Conf. on Computer Vision and Pattern Recognition},
	Title = {{Multiscale conditional random fields for image labeling}},
	Year = {2004}}

@article{sutton2007icr,
	Author = {Sutton, C. and McCallum, A.},
	Journal = {Introduction to Statistical Relational Learning},
	Publisher = {Mit Press},
	Title = {{4 An Introduction to Conditional Random Fields for Relational Learning}},
	Year = {2007}}

@article{lafferty2001crf,
	Author = {Lafferty, J. and McCallum, A. and Pereira, F.},
	Journal = {Proc. 18th International Conf. on Machine Learning},
	Pages = {282--289},
	Title = {{Conditional random fields: Probabilistic models for segmenting and labeling sequence data}},
	Year = {2001}}

@article{ames2007wtm,
	Author = {Ames, M. and Naaman, M.},
	Journal = {Proceedings of the SIGCHI conference on Human factors in computing systems},
	Pages = {971--980},
	Publisher = {ACM Press New York, NY, USA},
	Title = {{Why we tag: motivations for annotation in mobile and online media}},
	Year = {2007}}

@article{miller2004fan,
	Author = {Berg, T.L. and Berg, A.C. and Edwards, J. and Maire, M. and White, R. and Teh, Y.W. and Learned-Miller, E. and Forsyth, D.A.},
	Journal = {Proc IEEE Conf. on Computer Vision and Pattern Recognition},
	Title = {{Names and Faces in the News}},
	Year = {2004}}

@article{gallagher2007ugp,
	Author = {Gallagher, A.C. and Pittsburgh, P. and Chen, T.},
	Journal = {Computer Vision and Pattern Recognition, 2007. CVPR'07. IEEE Conference on},
	Pages = {1--8},
	Title = {{Using Group Prior to Identify People in Consumer Images}},
	Year = {2007}}

@article{vonahn2007hc,
	Author = {von Ahn, L.},
	Journal = {Proceedings of the 4th international conference on Knowledge capture},
	Pages = {5--6},
	Publisher = {ACM New York, NY, USA},
	Title = {{Human computation}},
	Year = {2007}}

@url{flickr.com,
	Date-Added = {2007-12-02 23:47:29 -0500},
	Date-Modified = {2007-12-03 00:43:23 -0500},
	Title = {Flickr Photo Sharing},
	Url = {http://flickr.com/},
	Bdsk-Url-1 = {http://flickr.com/}}

@url{facebookblog,
	Date-Added = {2007-12-02 23:47:29 -0500},
	Date-Modified = {2007-12-03 00:42:28 -0500},
	Title = {The Facebook Blog},
	Url = {http://blog.facebook.com/blog.php?post=2406207130},
	Bdsk-Url-1 = {http://blog.facebook.com/blog.php?post=2406207130}}

@url{facebookstats,
	Date-Added = {2007-12-02 23:47:29 -0500},
	Date-Modified = {2007-12-03 00:43:35 -0500},
	Title = {Facebook Statistics},
	Url = {http://www.facebook.com/press/info.php?statistics},
	Bdsk-Url-1 = {http://www.facebook.com/press/info.php?statistics}}

@url{riyablog,
	Author = {Shah, M.},
	Date-Added = {2007-12-02 23:47:29 -0500},
	Date-Modified = {2007-12-03 00:43:00 -0500},
	Title = {Recognizing Deven: Episode 5},
	Url = {http://munjal.typepad.com/recognizing_deven/2006/06/episode_5_april.html},
	Bdsk-Url-1 = {http://munjal.typepad.com/recognizing_deven/2006/06/episode_5_april.html}}

@url{like.com,
	Date-Added = {2007-12-02 23:46:19 -0500},
	Date-Modified = {2007-12-03 00:43:11 -0500},
	Title = {Like Visual Search},
	Url = {http://www.like.com/},
	Bdsk-Url-1 = {http://www.like.com/}}

@url{riya.com,
	Date-Added = {2007-12-02 23:43:08 -0500},
	Date-Modified = {2007-12-03 00:42:47 -0500},
	Title = {Riya Visual Search},
	Url = {http://riya.com/},
	Bdsk-Url-1 = {http://riya.com/}}

@article{zhao2006apa,
	Author = {Zhao, M. and Teo, Y. and Liu, S. and Chua, T. and Jain, R.},
	Journal = {International Conference on Image and Video Retrieval},
	Pages = {163--172},
	Publisher = {Springer},
	Title = {{Automatic Person Annotation of Family Photo Album}},
	Year = {2006}}

@article{anguelov2007cir,
	Author = {Anguelov, D. and Lee, K. and Gokturk, S.B. and Sumengen, B.},
	Journal = {Computer Vision and Pattern Recognition, 2007. CVPR'07. IEEE Conference on},
	Pages = {1--7},
	Title = {{Contextual Identity Recognition in Personal Photo Albums}},
	Year = {2007}}

@article{zhang2003aah,
	Author = {Zhang, L. and Chen, L. and Li, M. and Zhang, H.},
	Journal = {Proceedings of the eleventh ACM international conference on Multimedia},
	Pages = {355--358},
	Publisher = {ACM Press New York, NY, USA},
	Title = {{Automated annotation of human faces in family albums}},
	Year = {2003}}

@article{song2006cah,
	Author = {Song, Y. and Leung, T.},
	Journal = {European Conference on Computer Vision},
	Publisher = {Springer},
	Title = {{Context-Aided Human Recognition--Clustering}},
	Year = {2006}}

@article{sivic2006fpr,
	Author = {Sivic, J. and Zitnick, C.L. and Szeliski, R.},
	Journal = {British Machine Vision Conference},
	Title = {{Finding people in repeated shots of the same scene}},
	Year = {2006}}

@article{naaman2005lcr,
	Author = {Naaman, M. and Yeh, R.B. and Garcia-Molina, H. and Paepcke, A.},
	Journal = {Proceedings of the 5th ACM/IEEE-CS joint conference on Digital libraries},
	Pages = {178--187},
	Publisher = {ACM Press New York, NY, USA},
	Title = {{Leveraging context to resolve identity in photo albums}},
	Year = {2005}}

@techreport{caltech256,
	Author = {G. Griffin and A. Holub and P. Perona},
	Institution = {California Institute of Technology},
	Number = {7694},
	Title = {Caltech-256 Object Category Dataset},
	Url = {http://authors.library.caltech.edu/7694},
	Year = {2007},
	Bdsk-Url-1 = {http://authors.library.caltech.edu/7694}}

@inproceedings{joy-distance-learning,
	Address = {Piscataway, NJ, USA},
	Author = {Y. Joshi and J. K.  Sircar and A. Bar-Cohen              and K. J. Geisler and S. Bhavnani and P. Pradeepkumar             and J. Barnes},
	Booktitle = {Proc. {IEEE} Electronic Components and Technology Conf.},
	Title = {Distance Learning in Thermal Design of Electronic             Systems---The {IEEE}/{NSF} Project},
	Year = 2000}

@inproceedings{joy-education,
	Address = {Banff, Canada},
	Author = {J. E. Jorgensen and T. M. Regan},
	Booktitle = {New Approaches to Undergraduate Engineering Education {III},                Proc. Engineering Foundation Conf.},
	Month = {August},
	Title = {An Overview of the {NSF} Sponsored {ECSEL}             Coalition},
	Year = 1991}

@misc{PASCAL,
	Howpublished = {\url{http://www.pascal-network.org/challenges/VOC/}},
	Key = {PASCAL},
	Title = {The {PASCAL} Visual Object Classes Homepage}}

@misc{opencv,
	Howpublished = {\url{http://www.intel.com/research/mrl/research/opencv/}},
	Key = {opencv},
	Title = {Open source computer vision library}}

@misc{googleimages,
	Howpublished = {\url{http://images.google.com}},
	Key = {googleimages},
	Title = {Google Image Search}}

@misc{flickr,
	Howpublished = {\url{http://www.flickr.com}},
	Key = {flickr},
	Title = {Open source computer vision library}}

@inproceedings{Bosch06,
	Author = {Bosch, A. and Zisserman, A. and Munoz, X.},
	Booktitle = eccv,
	Pages = {517--530},
	Title = {Scene Classification via p{LSA}},
	Volume = 4,
	Year = {2006}}

@inproceedings{AgRo02,
	Author = {Agarwal, S. and Roth, D.},
	Booktitle = eccv,
	Pages = {113--130},
	Title = {Learning a sparse representation for object detection},
	Volume = {4},
	Year = {2002}}

@inproceedings{norb,
	Author = {Y. LeCun and F. J. Huang and L. Bottou},
	Booktitle = cvpr,
	Pages = {97--104},
	Title = {Learning Methods for Generic Object Recognition             with Invariance to Pose and Lighting},
	Volume = 2,
	Year = 2004}

@inproceedings{MartinFTM01,
	Author = {D. Martin and C. Fowlkes and D. Tal and J. Malik},
	Booktitle = iccv,
	Month = {July},
	Pages = {416--423},
	Title = {A Database of Human Segmented Natural Images and its            Application to Evaluating Segmentation Algorithms and            Measuring Ecological Statistics},
	Volume = {2},
	Year = {2001}}

@article{GeusebroekIJCV05a,
	Author = {J. M. Geusebroek and G. J. Burghouts and A. W. M. Smeulders},
	Journal = ijcv,
	Number = {1},
	Pages = {103--112},
	Title = {The {Amsterdam} Library of Object Images},
	Volume = {61},
	Year = {2005}}

@article{10.1109/CVPR.2004.183,
	Author = {Yan Ke and Rahul Sukthankar},
	Journal = {cvpr},
	Pages = {506-513},
	Title = {PCA-SIFT: A More Distinctive Representation for Local Image Descriptors},
	Volume = {02},
	Year = {2004}}

@inproceedings{JuTr05,
	Author = {F. Jurie and B. Triggs},
	Booktitle = iccv,
	Pages = {604--610},
	Title = {Creating efficient codebooks for visual recognition},
	Volume = 1,
	Year = 2005}

@inproceedings{FePe05,
	Author = {L. Fei-Fei and P. Perona},
	Booktitle = {cvpr},
	Title = {A Bayesian Hierarchical Model for Learning             Natural Scene Categories},
	Year = 2005}

@article{BaMaFuCo02,
	Author = {Kobus Barnard and Lindsay Martin and Brian Funt and Adam Coath},
	Journal = {Color Research and Application},
	Number = 3,
	Pages = {147--151},
	Title = {A Data Set for Colour Research},
	Volume = 27,
	Year = 2002}

@article{GeBeKr01,
	Author = {Athinodoros Georghiades and Peter Belhumeur and David Kriegman},
	Journal = pami,
	Title = {From Few to Many: Illumination Cone Models for Face Recognition             under Variable Lighting and Pose},
	Year = 2001}

@article{MuNa95,
	Author = {H. Murase and S. Nayar},
	Journal = ijcv,
	Number = 1,
	Pages = {5--24},
	Title = {Visual Learning and Recognition of 3{D} objects from appearance},
	Volume = 14,
	Year = 1995}

@article{CAVE_0060,
	Author = {K.J. Dana and B. Van-Ginneken and S.K. Nayar and J.J. Koenderink},
	Journal = {ACM Transactions on Graphics (TOG)},
	Month = {Jan},
	Number = {1},
	Pages = {1--34},
	Title = {{R}eflectance and {T}exture of {R}eal {W}orld {S}urfaces},
	Volume = {18},
	Year = {1999}}

@inproceedings{vonAhn06a,
	Author = {Luis von Ahn},
	Booktitle = {{IEEE} Computer Magazine},
	Month = {June},
	Pages = {96--98},
	Title = {Games With A Purpose},
	Year = 2006}

@inproceedings{vonAhn06b,
	Author = {Luis von Ahn and Ruoran Liu and Manuel Blum},
	Booktitle = {Proc. {ACM} Conf. on Human Factors in Computing Systems},
	Title = {Peekaboom: A Game for Locating Objects in Images},
	Year = 2006}

@inproceedings{vonAhn04,
	Author = {Luis von Ahn and Laura Dabbish},
	Booktitle = {Proc. {ACM} Conference on Human Factors in Computing Systems},
	Pages = {319-326},
	Title = {Labeling Images with a Computer Game},
	Year = 2004}

@inproceedings{LiMa02,
	Author = {Rainer Lienhart and Jochen Maydt},
	Booktitle = icip,
	Pages = {900--903},
	Title = {An Extended Set of Haar-like Features for Rapid Object Detection},
	Volume = 1,
	Year = 2002}

@inproceedings{ViJo01,
	Author = {Paul A. Viola and                Michael J. Jones},
	Booktitle = {CVPR (1)},
	Pages = {511-518},
	Title = {Rapid Object Detection using a Boosted Cascade of Simple                Features.},
	Year = {2001}}

@article{survey-clustering,
	Author = {Xu, R. and Wunsch, D.},
	Journal = {IEEE Transactions on Neural Networks},
	Number = {3},
	Pages = {645-678},
	Title = {Survey of Clustering Algorithms},
	Volume = {16},
	Year = {2005}}

@article{expected-complexity,
	Author = {Murtagh, F.},
	Journal = {Information Processing Letters},
	Pages = {237-241},
	Title = {Expected-Time Complexity Results for Hierarchic Clustering Algorithms Which Use Cluster Centres},
	Volume = {16},
	Year = {1983}}

@misc{relative-clustering,
	Author = {Ram{\'o}n A. Mollineda and Enrique Vidal},
	Title = {A Relative Approach To Hierarchical Clustering},
	Url = {citeseer.ist.psu.edu/mollineda00relative.html},
	Year = {2000},
	Bdsk-Url-1 = {citeseer.ist.psu.edu/mollineda00relative.html}}

@inproceedings{Belongie06,
	Author = {Nadav Ben-Haim and Boris Babenko and Serge Belongie},
	Booktitle = {Proc. Int. Workshop on Semantic Learning Applications                 in Multimedia ({SLAM})},
	Title = {Improving Web-based Image Search via Content Based Clustering},
	Year = 2006}

@inproceedings{Lowe99,
	Author = {Lowe, D.G},
	Booktitle = iccv,
	Pages = {1150--1157},
	Title = {Object Recognition from local scale-invariant features},
	Year = 1999}

@article{Lowe04,
	Author = {Lowe, D.G.},
	Journal = ijcv,
	Number = 2,
	Pages = {91--110},
	Title = {Distinctive Image Features from Scale-Invariant Keypoints},
	Volume = 60,
	Year = 2004}

@inproceedings{MiSc03,
	Author = {Mikolajczyk, K. and Schmid, C.},
	Booktitle = cvpr,
	Pages = {257--263},
	Title = {A performance evaluation of local descriptors},
	Volume = 2,
	Year = 2003}

@article{MiSc04,
	Author = {Mikolajczyk, K. and Schmid, C.},
	Journal = ijcv,
	Number = 1,
	Pages = {63--86},
	Title = {Scale and Affine Invariant Interest Point Detectors},
	Volume = 60,
	Year = 2004}

@inproceedings{MaChUrPa02,
	Author = {Matas, J. and Chum, O. and Urban, M. and Pajdla, T.},
	Booktitle = bmcv,
	Month = {september},
	Pages = {384--393},
	Title = {Robust Wide Baseline Stereo from Maximally Stable            Extremal Regions},
	Year = 2002}

@article{TuVaG04,
	Author = {T. Tuytelaars and L. {Van Gool}},
	Journal = ijcv,
	Number = 1,
	Pages = {61--85},
	Title = {Matching Widely Separated Views Based on Affine Invariant Regions},
	Volume = 59,
	Year = 2004}

@article{MiEtal05,
	Author = {K. Mikolajczyk and T. Tuytelaars and C. Schmid             and A. Zisserman and J. Matas and F. Schaffalitzky             and T. Kadir and L. {Van Gool}},
	Journal = ijcv,
	Number = {1/2},
	Pages = {43--72},
	Title = {A Comparison of Affine Region Detectors},
	Volume = 65,
	Year = 2005}

@inproceedings{CaEtal97,
	Author = {Carson, C. and Belongie, S. and Greenspan, H. and Malik, J},
	Booktitle = {Proc. {IEEEW}. on Content-Based Access                 of Image and Video Libraries},
	Pages = {42--49},
	Title = {Region-based image querying},
	Year = 1997}

@inproceedings{CaEtal99,
	Author = {Carson, C. and Thomas, M. and Belongie, S.              and Hellerstein and J.M. and Malik, J.},
	Booktitle = {Third Int. Conf. on Visual Information Systems},
	Title = {Blobworld: A system for region-based image indexing            and retrieval},
	Year = 1999}

@incollection{BaTa78,
	Author = {H. G. Barrow and J. M. Tannenbaum},
	Booktitle = {Computer Vision Systems},
	Editor = {A. Hanson and E. Riseman},
	Pages = {3--26},
	Publisher = {Academic Press},
	Title = {Recovering intrinsic scene characteristics from images},
	Year = 1978}

@book{Marr82,
	Author = {D. Marr},
	Publisher = {{WH} Freeman},
	Title = {Vision},
	Year = 1982}

@article{Opelt06,
	Author = {Opelt, A. and Pinz, A. and Fussenegger, M. and Auer, P.},
	Journal = pami,
	Number = 3,
	Pages = {416--431},
	Title = {Generic object recognition with boosting},
	Volume = 28,
	Year = {2006}}

@inproceedings{Torralba03b,
	Author = {A. Torralba and K. P. Murphy and              W. T. Freeman and M. A. Rubin},
	Booktitle = iccv,
	Title = {Context-based vision system for place and object recognition},
	Year = 2003}

@article{Torralba03,
	Author = {Antonio Torralba},
	Journal = ijcv,
	Number = 2,
	Pages = {169--191},
	Title = {Contextual Priming for Object Detection},
	Volume = 53,
	Year = 2003}

@article{HeHo99,
	Author = {Henderson, J.M. and Hollingworth, A.},
	Journal = {Annual Review of Psychology},
	Pages = {243--271},
	Title = {High level scene perception},
	Volume = 50,
	Year = 1999}

@article{Friedman79,
	Author = {Friedman, A.},
	Journal = {Journal of Experimental Psychology: General},
	Pages = {316--355},
	Title = {Framing pictures: The role of knowledge in            automatized encoding and memory for gist},
	Volume = 108,
	Year = 1979}

@article{Bar04,
	Author = {M. Bar},
	Journal = {Nature Reviews Neuroscience},
	Number = 8,
	Pages = {617--629},
	Title = {Visual objects in context},
	Volume = 5,
	Year = 2004}

@inproceedings{LaScPo06,
	Author = {S. Lazebnik and C. Schmid and J. Ponce},
	Booktitle = cvpr,
	Title = { Beyond Bags of Features: Spatial Pyramid Matching for              Recognizing Natural Scene Categories},
	Year = 2006}

@inproceedings{wang-etal06,
	Author = {G. Wang and Y. Zhang and L. Fei-Fei},
	Booktitle = {CVPR},
	Title = {Using dependent regions for object categorization             in a generative framework},
	Year = {2006}}

@inproceedings{mutchlowe-06,
	Author = {Jim Mutch and David Lowe},
	Booktitle = {CVPR},
	Title = {Multiclass Object Recognition Using Sparse, Localized Features},
	Year = {2006}}

@inproceedings{berg-etal05,
	Author = {Alexander C. Berg and Tamara L. Berg and Jitendra Malik},
	Booktitle = {CVPR},
	Title = {Shape Matching and Object Recognition using             Low Distortion Correspondence},
	Year = {2005}}

@inproceedings{holub-etal05,
	Author = {Alex D Holub and Max Welling and Pietro Perona},
	Booktitle = {ICCV},
	Title = {Combining Generative Models and Fisher Kernels             for Object Recognition},
	Year = {2005}}

@inproceedings{serre-etal05,
	Author = {T. Serre and L. Wolf and T. Poggio},
	Booktitle = {CVPR},
	Title = {object recognition with features inspired by visual cortex},
	Year = {2005}}

@inproceedings{HoWePe05,
	Author = {Holub, A. D. and  Welling, M. and Perona, P.},
	Booktitle = iccv,
	Title = {Combining Generative Models and Fisher Kernels for             Object Class Recognition},
	Year = 2005}

@inproceedings{caltech101,
	Author = {L. Fei-Fei and R. Fergus and Pietro Perona},
	Booktitle = {{IEEE} {CVPR} Workshop of Generative Model Based Vision ({WGMBV})},
	Title = {Learning Generative Visual Models From Few             Training Examples: An Incremental Bayesian             Approach Tested on 101 Object Categories},
	Year = {2004}}

@inproceedings{Torralba04,
	Author = {Torralba, A. and Murphy, K.~P. and Freeman, W.~T.},
	Booktitle = cvpr,
	Pages = {762--769},
	Title = {Sharing features: efficient boosting procedures                 for multiclass object detection},
	Volume = {2},
	Year = {2004}}

@techreport{labelme,
	Author = {B. C. Russell and  A. Torralba and               K. P. Murphy and W. T. Freeman},
	Institution = {Massachusetts Institute of Technology},
	Month = {september},
	Number = {AIM-2005-025},
	Title = {Label{M}e: a database and web-based tool for image annotation},
	Year = 2005}

@inproceedings{Fergus03,
	Author = {Fergus, R. and Perona, P. and Zisserman, A.},
	Booktitle = cvpr,
	Pages = {264--271},
	Title = {Object class recognition by unsupervised scale-invariant                 learning},
	Volume = {2},
	Year = {2003}}

@inproceedings{10.1109/CVPR.2006.176,
	Address = {Los Alamitos, CA, USA},
	Author = {Andrea Vedaldi and Stefano Soatto},
	Booktitle = cvpr,
	Doi = {http://doi.ieeecomputersociety.org/10.1109/CVPR.2006.176},
	Issn = {1063-6919},
	Pages = {1753-1760},
	Publisher = {IEEE Computer Society},
	Title = {Local Features, All Grown Up},
	Volume = {2},
	Year = {2006},
	Bdsk-Url-1 = {http://doi.ieeecomputersociety.org/10.1109/CVPR.2006.176}}

@inproceedings{10.1109/CVPR.2006.264,
	Address = {Los Alamitos, CA, USA},
	Author = {David Nister and Henrik Stewenius},
	Booktitle = cvpr,
	Doi = {http://doi.ieeecomputersociety.org/10.1109/CVPR.2006.264},
	Issn = {1063-6919},
	Pages = {2161-2168},
	Publisher = {IEEE Computer Society},
	Title = {Scalable Recognition with a Vocabulary Tree},
	Volume = {2},
	Year = {2006},
	Bdsk-Url-1 = {http://doi.ieeecomputersociety.org/10.1109/CVPR.2006.264}}

@inproceedings{10.1109/CVPR.2006.86,
	Address = {Los Alamitos, CA, USA},
	Author = {Ya Jin and Stuart Geman},
	Booktitle = cvpr,
	Doi = {http://doi.ieeecomputersociety.org/10.1109/CVPR.2006.86},
	Issn = {1063-6919},
	Pages = {2145-2152},
	Publisher = {IEEE Computer Society},
	Title = {Context and Hierarchy in a Probabilistic Image Model},
	Volume = {2},
	Year = {2006},
	Bdsk-Url-1 = {http://doi.ieeecomputersociety.org/10.1109/CVPR.2006.86}}

@inproceedings{10.1109/CVPR.2006.220,
	Address = {Los Alamitos, CA, USA},
	Author = {Lior Wolf and Stan Bileschi and Ethan Meyers},
	Booktitle = cvpr,
	Doi = {http://doi.ieeecomputersociety.org/10.1109/CVPR.2006.220},
	Issn = {1063-6919},
	Pages = {2153-2160},
	Publisher = {IEEE Computer Society},
	Title = {Perception Strategies in Hierarchical Vision Systems},
	Volume = {2},
	Year = {2006},
	Bdsk-Url-1 = {http://doi.ieeecomputersociety.org/10.1109/CVPR.2006.220}}

@inproceedings{10.1109/CVPR.2006.322,
	Address = {Los Alamitos, CA, USA},
	Author = {Kristen Grauman and Trevor Darrell},
	Booktitle = cvpr,
	Doi = {http://doi.ieeecomputersociety.org/10.1109/CVPR.2006.322},
	Issn = {1063-6919},
	Pages = {19-25},
	Publisher = {IEEE Computer Society},
	Title = {Unsupervised Learning of Categories from Sets of Partially Matching Image Features},
	Volume = {1},
	Year = {2006},
	Bdsk-Url-1 = {http://doi.ieeecomputersociety.org/10.1109/CVPR.2006.322}}

@inproceedings{10.1109/CVPR.2006.200,
	Address = {Los Alamitos, CA, USA},
	Author = {Jim Mutch and David G. Lowe},
	Booktitle = cvpr,
	Doi = {http://doi.ieeecomputersociety.org/10.1109/CVPR.2006.200},
	Issn = {1063-6919},
	Pages = {11-18},
	Publisher = {IEEE Computer Society},
	Title = {Multiclass Object Recognition with Sparse, Localized Features},
	Volume = {1},
	Year = {2006},
	Bdsk-Url-1 = {http://doi.ieeecomputersociety.org/10.1109/CVPR.2006.200}}

@inproceedings{10.1109/CVPR.2006.153,
	Address = {Los Alamitos, CA, USA},
	Author = {Andreas Opelt and Axel Pinz and Andrew Zisserman},
	Booktitle = cvpr,
	Doi = {http://doi.ieeecomputersociety.org/10.1109/CVPR.2006.153},
	Issn = {1063-6919},
	Pages = {3-10},
	Publisher = {IEEE Computer Society},
	Title = {Incremental learning of object detectors using a visual shape alphabet},
	Volume = {1},
	Year = {2006},
	Bdsk-Url-1 = {http://doi.ieeecomputersociety.org/10.1109/CVPR.2006.153}}

@inproceedings{10.1109/CVPR.2006.202,
	Address = {Los Alamitos, CA, USA},
	Author = {Krystian Mikolajczyk and Bastian Leibe and Bernt Schiele},
	Booktitle = cvpr,
	Doi = {http://doi.ieeecomputersociety.org/10.1109/CVPR.2006.202},
	Issn = {1063-6919},
	Pages = {26-36},
	Publisher = {IEEE Computer Society},
	Title = {Multiple Object Class Detection with a Generative Model},
	Volume = {1},
	Year = {2006},
	Bdsk-Url-1 = {http://doi.ieeecomputersociety.org/10.1109/CVPR.2006.202}}

@article{OlTo01,
	Author = {Aude Oliva and Antonio Torralba},
	Journal = ijcv,
	Number = 3,
	Pages = {145--175},
	Title = {Modeling the Shape of a Scene: A holistic Representation              of the Spatial Envelope},
	Volume = 42,
	Year = 2001}

@inproceedings{ObMa05,
	Author = {S. Obdrzalek and J. Matas},
	Booktitle = bmcv,
	Title = {Sub-linear indexing for large scale object recognition},
	Year = 2005}

@inproceedings{LeLaFu05,
	Author = {V. Lepetit and P. Lagger and P. Fua},
	Booktitle = cvpr,
	Title = {Randomized trees for realtime keypoint recognition},
	Year = 2005}

@inproceedings{SiZi03,
	Author = {J. Sivic and A. Zisserman},
	Booktitle = iccv,
	Title = {Video {G}oogle: A text retrieval approach to object             matching in videos},
	Year = 2003}

@book{BaRi99,
	Author = {R. Baeza-Yates and B. Ribeiro-Neto},
	Isbn = {020139829},
	Publisher = {ACM Press},
	Title = {Modern Information Retrieval},
	Year = {1999}}

@inproceedings{BrPa98,
	Author = {S. Brin and L. Page},
	Booktitle = {Proc. 7th Int. WWW Conference},
	Title = {The anatomy of a large-scale hypertextual            web search engine},
	Year = {1998}}

@book{WiMoBe99,
	Author = {I. H. Witten and A. Moffat and and T. Bell},
	Isbn = {1558605703},
	Publisher = {Morgan Kaufmann Publishers},
	Title = {Managing Gigabytes: Compressing and Indexing             Documents and Images},
	Year = {1999}}

@inproceedings{MaZiKrBe05,
	Author = {S. P. Mallick and T. E. Zickler and D. J. Kriegman and             P. N. Belhumeur},
	Booktitle = cvpr,
	Title = {Beyond {L}ambert: Reconstructing specular surfaces using color},
	Year = 2005}

@inproceedings{ZiMaKrBe06,
	Author = {T. Zickler and S. P. Mallick and D. J. Kriegman and             P. N. Belhumeur},
	Booktitle = cvpr,
	Title = {Color Subspaces as Photometric Invariants},
	Year = 2006}
