
   @ARTICLE{Boykov:segmentation,
    AUTHOR = "Y. Boykov and O. Veksler",
    TITLE = "Graph Cuts in Vision and Graphics: Theories and Applications",
    JOURNAL = "Handbook of Mathematical Models in Computer Vision",
    PAGES = {79 - 96},
    YEAR = {2002}   }
    
     @INPROCEEDINGS{Ng:spectral,
    AUTHOR = "A. Ng and M. Jordan and Y. Weiss",
    TITLE = "On spectral clustering: analysis and an algorithm",
    BOOKTITLE = "Proceedings of Neural Information Processing Systems",
    pages={1-8},
    YEAR = {2002}   } 
    
       @ARTICLE{Xu:clustering,
    AUTHOR = "R. Xu and D. Wunsch",
    TITLE = "Survey of clustering algorithms",
    JOURNAL = "IEEE Transactions on Neural Networks",
    VOLUME = {16},
    PAGES = {645-678},
    YEAR = {2005}   }  
    
    @ARTICLE{Filippone:clustering,
    AUTHOR = "M. Filippone and F. Camastra and F. Masulli",
    TITLE = "A survey of kernel and spectral methods for clustering",
    JOURNAL = "Pattern Recognition",
    VOLUME = {41},
    PAGES = {176-190},
    YEAR = {2008}   }    
    
    

  

    @ARTICLE{West:Graph,
    AUTHOR = "D. West",
    TITLE = "Matchings and Factors",
    JOURNAL = "Introduction to Graph Theory",
    pages={107-122},
    YEAR = {2001}   }  
    
   @ARTICLE{Caetano:graph,
    AUTHOR = "T. Caetano and J. McAuley and L. Cheng and Q. Le and A. Smola",
    TITLE = "Learning Graph Matching",
    JOURNAL = "IEEE Transaction on Pattern Analysis and Machine Intelligence",
    VOLUME = {31},
    PAGES = {1048-1058},
    YEAR = {2011}   }     
    
 


%%%%%%%

    @ARTICLE{Kolacyzk,
    AUTHOR = "E. Kolacyzk",
    TITLE = "Statistical Anaysis of Network Models",
    JOURNAL = "Springer, New York",
    YEAR = {2009}   }  


   @ARTICLE{Goldenberg,
    AUTHOR = "A. Goldenberg and A. Zheng and S. Fienberg and E. Airoldi",
    TITLE = "A Survey of Statistical Network Models",
    JOURNAL = "Foundations and Trends in Machine Learning",
    VOLUME = {2},
    PAGES = {129-233},
    YEAR = {2009}   }  


  @ARTICLE{Snijders,
    AUTHOR = "T. Snijders",
    TITLE = "Statistical Models for Social Networks",
    JOURNAL = "Annual Review of Sociology",
    VOLUME = {37},
    PAGES = {131-153},
    YEAR = {2011}   }  

  @ARTICLE{Rossi,
    AUTHOR = "R. Rossi and L. McDowell and D. Aha and J. Neville",
    TITLE = "Transforming Graph Representations for Statistical Relational Learning",
    JOURNAL = "arXiv:1204.0033",
    YEAR = {2012}   }  



%%%% on the fly




%%%%%%%%


@ARTICLE{Basu:meeting,
    AUTHOR = "S. Basu",
    TITLE = "Conversational Scene Analysis",
    JOURNAL = "PhD dissertation, Massachusetts Institute of Technology",
    YEAR = {2002}   }
    

@INPROCEEDINGS{Brand:CHMM,
    AUTHOR = "M. Brand and N. Oliver and A. Pentland",
    TITLE = "Coupled hidden Markov models for complex action recognition",
    BOOKTITLE = "IEEE Conference on Computer Vision and Pattern Recognition",
    pages={994 - 999 },
    YEAR = {1997}   }
    
    
    
 @INPROCEEDINGS{Choudhury:MHMM,
    AUTHOR = "T. Choudhury and S. Basu",
    TITLE = "Modeling conversational dynamics as a mixed memory Markov process",
    BOOKTITLE = "Proceedings of Neural Information Processing Systems",
    pages={1-8},
    YEAR = {2004}   } 
    
    
     @ARTICLE{Dong,
    AUTHOR = "W. Dong",
    TITLE = "Modeling the Structure of Collective Intelligence",
    JOURNAL = "PhD thesis, Massachusetts Institute of Technology",
    YEAR = {2010}   } 
    
    
   @ARTICLE{Pan:influence,
    AUTHOR = "W. Pan and M. Cebrian and W. Dong and T. Kim and J. Fowler and A. Pentland",
    TITLE = "Modeling Dynamical Influence in Human Interaction Patterns",
    JOURNAL = "IEEE Signal Processing Magazine (To Appear)",
    YEAR = {2012}   }    
    
      
  
  %%%%%%%%%%
  
  @ARTICLE{Darwin,
    AUTHOR = "C. Darwin",
    TITLE = "The expression of the emotions in man and animals",
    YEAR = {1872}   }   
        
     @ARTICLE{Thomkins,
    AUTHOR = "S. Thomkins",
    TITLE = "Affect, imagery, consciousness",
    JOURNAL = "New York: Springer",
    year = {1962}}  

@ARTICLE{Goffman,
    AUTHOR = "E. Goffman",
    TITLE = "Frame analysis: An essay on the organization of experience",
    JOURNAL = "Boston: Northeastern University Press",
   year = {1986}}


     @ARTICLE{Kendon1990,
    AUTHOR = "A. Kendon",
    TITLE = "Conducting interaction: Patterns of behavior in focused encounters",
    JOURNAL = "New York: Cambridge University Press",
    year = {1990}}
     
     
     @ARTICLE{Ekman,
    AUTHOR = "P. Ekman",
    TITLE = "An argument for basic emotions",
    JOURNAL = "Cognition and Emotion",
    VOLUME = {6},
    PAGES = {169-200},
    YEAR = {1992}   } 
    
    
    @ARTICLE{Hoyle,
    AUTHOR = "S. Hoyle",
    TITLE = "Participation frameworks in sportscasting play: Imaginary and literal footings",
    JOURNAL = "Framing in Discourse",
   pages = {114-145},
   year = {1993}}  

     @ARTICLE{Tannen,
    AUTHOR = "D. Tannen and C. Wallat",
    TITLE = "Interactive frames and knowledge schemas in interaction: Examples from a medical examination/interview",
    JOURNAL = "Framing in Discourse",
   pages = {57-76},
    year = {1993}}  
    
  
  
  %%%
    
 
  @ARTICLE{Goodwin2000,
    AUTHOR = "C. Goodwin",
    TITLE = "Action and embodiment within situated human interaction",
    JOURNAL = "Journal of Pragmatics",
    volume = {32},
   pages = {1489-1522},
   year = {2000}}    
    
    
    @ARTICLE{Goldin,
    AUTHOR = "S. Goldin-Meadow",
    TITLE = "Hearing gesture: How our hands help us think",
    JOURNAL = "Cambridge: The Belknap Press of Harvard University Press",
   year = {2003}}
 
 
 @ARTICLE{Eckmann,
    AUTHOR = "J. Eckmann and E. Moses and D. Sergl",
    TITLE = "Entropy of dialogues creates coherent structures in e-mail traffic",
    JOURNAL = "Proceedings of the National Academy of Sciences of the United States of America",
    VOLUME = {101},
    PAGES = {14333–14337},
    YEAR = {2004}   }  %%  


  @ARTICLE{Goodwin2007,
    AUTHOR = "C. Goodwin",
    TITLE = "Participation, stance, and affect in the organization of activities",
    JOURNAL = "Discourse and Society",
    volume = {18},
   pages = {57-73},
   year = {2007}}  
   
   
        @ARTICLE{Onnela, 
    AUTHOR = "J. Onnela and J. Saramäki and J. Hyvönen and G. Szabó and D. Lazer and K. Kaskil and J. Kertész and A. Barabási",
    TITLE = "Structure and tie strengths in mobile communication networks",
    JOURNAL = "Proceedings of the National Academy of Sciences of the United States of America",
       volume = {104},
   pages = {7332-7336},
    year = {2007}}     %%
    
    
    
    @ARTICLE{Watts, 
    AUTHOR = "D. Watts and P. Dodds",
    TITLE = "Influentials, networks, and public opinion formation",
    JOURNAL = "Journal of Consumer Research",
       volume = {34},
   pages = {441-458},
    year = {2007}}     %%


   @ARTICLE{Gonzalez, 
    AUTHOR = "M. González and C. Hidalgo and A. Barabási",
    TITLE = "Understanding individual human mobility patterns",
    JOURNAL = "Nature",
    volume = {453},
   pages = {779-782},
   year = {2008}}  %%


@ARTICLE{Eagle, 
    AUTHOR = "N. Eagle and A. Pentland and D. Lazer",
    TITLE = "Inferring friendship network structure by using mobile phone data",
    JOURNAL = "Proceedings of the National Academy of Sciences of the United States of America",
    VOLUME = {106},
    PAGES = {15274-15278},
    YEAR = {2009}   }  %%


@ARTICLE{Kendon2010,
    AUTHOR = "A. Kendon",
    TITLE = "Spacing and orientation in co-present interaction",
    JOURNAL = "Lecture Notes in Computer Science",
       volume = {5967},
   pages = {1-15},
    year = {2010}}      

    
     @ARTICLE{Iacus, 
    AUTHOR = "S. Iacus and G. King and G. Porro",
    TITLE = "Causal Inference without Balance Checking: Coarsened Exact Matching",
    JOURNAL = "Political Analysis",
    volume={20},
    pages={1-24},
    year = {2012}}   %%
    
    

   
  @ARTICLE{Lazer2009, 
    AUTHOR = "D. Lazer and A. Pentland and L. Adamic and S. Aral and A. Barabasi and D. Brewer and N. Christakis and N. Contractor and
J. Fowler and M. Gutmann and T. Jebara and G. King and M. Macy and D. Roy and M. Van Alstyne",
    TITLE = "Life in the network: the coming age of computational social science",
    JOURNAL = "Science",
       volume = {323},
   pages = {721-723},
    year = {2009}} %%%%
    
    
 @ARTICLE{CoxMDS,
    AUTHOR = "T. Cox and M. Cox",
    TITLE = "Multidimensional Scaling",
    JOURNAL = "CRC Press",
    YEAR = {2001}   }  


@article{Scherr2009,
    author = {R. Scherr and H. David},
    journal = {Cognition and Instruction},
    pages = {147--174},
    title = {{Student Behavior and Epistemological Framing: Examples from Collaborative Active-Learning Activities in Physics}},
    volume = {27},
    year = {2009}
}

@article{econo_category,
year={1998},
journal={Experimental Economics},
volume={1},
title={Individual and Group Behavior in the Ultimatum Game: Are Groups More ‚ÄúRational‚Äù Players?},
author={Bornstein, G. and Yaniv, I.},
pages={101-108}
}


%%%%%%%%%

%% low-multi-view
@article{ChangB09,
  author    = {J. Chang and
               D. Blei},
  title     = {Relational Topic Models for Document Networks},
  journal   = {Journal of Machine Learning Research},
  volume    = {5},
  year      = {2009},
  pages     = {81-88}
}

@inproceedings{WangMM05,
  author    = {X. Wang and
               N. Mohanty and
               A. McCallum},
  title     = {Group and Topic Discovery from Relations and Their Attributes},
  booktitle = {Neural Information Processing System},
  year      = {2005},
 pages={1-8}
}

%% high multi-view
@article{AiroldiBFX08,
  author    = {E. Airoldi and
               D. Blei and
               S. Fienberg and
               E. Xing},
  title     = {Mixed Membership Stochastic Blockmodels},
  journal   = {Journal of Machine Learning Research},
  volume    = {9},
  year      = {2008},
  pages     = {1981-2014}
}

@inproceedings{Kim12,
  author    = {M. Kim and J. Leskovec},
  title     = {Latent Multi-Group Membership Graph Model},
  booktitle = {International Conference on Machine Learning},
  year      = {2012},
 pages={1-10}
}

%%link prediction

@article{Goldberg,
     author = {Goldberg, D. and Roth, F.},
    journal = {Proceedings of the National Academy of Sciences},
    number = {8},
    pages = {4372--4376},
    title = {{Assessing experimentally derived interactions in a small world}},
    volume = {100},
    year = {2003}
}

@inproceedings{Liben-Nowell,
 author = {Liben-Nowell, D. and Kleinberg, J.},
 title = {The link prediction problem for social networks},
 booktitle = {Proceedings of the twelfth international conference on Information and knowledge management},
 year = {2003},
 pages = {556--559}
 } 
 
 @inproceedings{TaskarWAK03,
  author    = {B. Taskar and
               M. F. Wong and
               P. Abbeel and
               D. Koller},
  title     = {Link Prediction in Relational Data},
  booktitle = {Neural Information Processing System},
  year      = {2003},
 pages={1-8}}




%% completion
@ARTICLE{Clauset,
    author = {A. Clauset and C. Moore and M. Newman},
    title = {Hierarchical structure and the prediction of missing links in networks},
    journal = {Nature},
    year = {2007},
    volume = {453},
    pages = {98-101}
}

@article{Guimera,
author = {Guimera, R. and Sales-Pardo, M.}, 
title = {Missing and spurious interactions and the reconstruction of complex networks},
volume = {106}, 
pages = {22073-22078}, 
year = {2009}, 
journal = {Proceedings of the National Academy of Sciences} 
}

@article{HannekeX09,
  author    = {S. Hanneke and
               E. Xing},
  title     = {Network Completion and Survey Sampling},
  journal   = {Journal of Machine Learning Research},
  volume    = {5},
  year      = {2009},
  pages     = {209-215}
}


@inproceedings{KimL11,
  author    = {M. Kim and
               J. Leskovec},
  title     = {The Network Completion Problem: Inferring Missing Nodes
               and Edges in Networks},
  booktitle = {SIAM International Conference on Data Mining},
  year      = {2011},
  pages     = {47-58}
}

%% latent
@ARTICLE{Hoff01latentspace,
    author = {P. Hoff and A. Raftery and M. Handcock},
    title = {Latent Space Approaches to Social Network Analysis},
    journal = {JOURNAL OF THE AMERICAN STATISTICAL ASSOCIATION},
    year = {2001},
    volume = {97},
    pages = {1090--1098}
}

@article {Hancocklatent,
author = {Handcock, M. and Raftery, A. and Tantrum, J.},
title = {Model-based clustering for social networks},
journal = {Journal of the Royal Statistical Society: Series A},
volume = {170},
pages = {301--354},
year = {2007}
}

%%%%%%%

@article {GPbook,
author = {C. Rasmussen and C. Williams},
title = {Gaussian Processes for Machine Learning},
journal = {MIT Press},
year = {2006}
}

@article {DLbook,
author = {Y. Bengio},
title = {Learning Deep Architectures for AI},
journal = {Foundations and Trends® in Machine Learning},
volume = {2},
pages = {1--127},
year = {2009}
}

@ARTICLE{Crouch:PI,
    author = {C. Crouch and E. Mazur},
    title = {Peer instruction: Ten years of experience and results},
    journal = {American Journal of Physics},
    year = {2001},
    volume = {69},
    pages = {970--977}
}

@ARTICLE{Mazur:PI,
    author = {E. Mazur and M. Somers},
    title = {Peer Instruction: A User’s Manual},
    journal = {Prentice Hall},
    year = {1997},
    pages = {253}
}



@article{Fagen2002,
author = {A. Fagen and C. Crouch and E. Mazur},
title = {Peer Instruction: Results from a Range of Classrooms},
journal = {Physics Teacher},
year = {2002},
volume = {40},
pages = {206--209}
}

@article{Hake1998,
author = {R. Hake},
title = {Interactive-engagement versus traditional methods: A six-thousand-student surveyof mechanics test data for introductory physics courses},
journal = {American Journal of Physics},
year = {1998},
volume = {66},
pages = {64--74}
}

@article {Okebukola1984,
author = {Okebukola, P. and Ogunniyi, M.},
title = {Cooperative, competitive, and individualistic science laboratory interaction patterns—effects on students' achievement and acquisition of practical skills},
journal = {Journal of Research in Science Teaching},
volume = {21},
pages = {875--884},
year = {1984}
}

@article {Peterson1979,
author = {P. Peterson and T. Janicki},
title = {Individual characteristics and children’s learning in large-group and small-group approaches},
journal = {Journal of Educational Psychology},
volume = {71},
pages = {677-687},
year = {1979}
}


    