
@STRING{AI       = "Artificial Intelligence"}
@STRING{AAAI     = "American Association for Artificial Intelligence Conference"}
@STRING{ACCV     = "Asian Conference on Computer Vision"}
@STRING{BMVC     = "British Machine Vision Conference"}
@STRING{CA       = "Computer Animation"}
@STRING{CAD      = "Computer Aided Design Journal"}
@STRING{CGA      = "Computer Graphics and Applications"}
@STRING{CGF      = "Computer Graphics Forum"}
@STRING{CGI      = "Computer Graphics International"}
@string{CGIP     = "Computer Graphics and Image Processing"}
@string{CVGIP    = "Computer Vision, Graphics, and Image Processing"}
@string{CVGIP:GM = "Computer Vision, Graphics, and Image Processing: Graphical Models and Image Processing"}
@string{CVGIP:IU = "Computer Vision and Image Understanding"}
@string{CVIU     = "Computer Vision and Image Understanding"}
@STRING{CVPR     = "Conference on Computer Vision and Pattern Recognition"}
@STRING{ECAI     = "European Conference on Artificial Intelligence"}
@STRING{EG       = "Eurographics"}
@STRING{FGR      = "Automated Face and Gesture Recognition"}
@STRING{ICML     = "International Conference on Machine Learning"}
@STRING{ICRA     = "International Conference on Robotics and Automation"}
@STRING{IU       = "DARPA Image Understanding Workshop"}
@STRING{IROS     = "International Conference on Intelligent Robots and Systems "}
@STRING{ISCIS    = "International Symposium on Computer and Information Sciences"}
@STRING{ECCV     = "European Conference on Computer Vision"}
@STRING{IAPRS    = "International Archives of Photogrammetry and Remote Sensing"}
@STRING{ICASSP   = "International Conference on Acoustics, Speech, and Signal Processing"}
@STRING{ICCV     = "International Conference on Computer Vision"}
@STRING{ICPR     = "International Conference on Pattern Recognition"}
@STRING{ICIP     = "International Conference on Image Processing"}
@STRING{IJCV     = "International Journal of Computer Vision"}
@STRING{IJCAI    = "International Joint Conference on Artificial Intelligence"}
@STRING{IJRR     = "International Journal of Robotics Research"}
@STRING{ISMAR    = "International Symposium on Mixed and Augmented Reality"}
@STRING{ISPRS    = "International Society for Photogrammetry and Remote Sensing"}
@STRING{JIVC     = "Journal of Image and Vision Computing"}
@STRING{JRA      = "Journal of Robotics and Automation"}
@STRING{JVCA     = "Journal of Visualization and Computer Animation"}
@STRING{SPIE     = "SPIE"}
@STRING{SIGGRAPH = "Computer Graphics, SIGGRAPH Proceedings"}
@STRING{PAMI     = "IEEE Transactions on Pattern Analysis and Machine Intelligence"}
@STRING{PERS     = "Journal of Photogrammetry Engineering and Remote Sensing"}
@STRING{PRL      = "Pattern Recognition Letters"}
@STRING{MVA      = "Machine Vision and Applications"}
@STRING{NIPS     = "Neural Information Processing Systems"}
@STRING{VISU     = "IEEE Visualization Conference"}
@STRING{VRST     = "ACM Symposium on Virtual Reality Software and Technology"}
@STRING{ICML     = "International Conference in Machine Learning"}


@article{Ando05,
  author="R. K. Ando and T. Zhang",
  title="A framework for learning predictive structures
  from multiple tasks and unlabeled data",
  journal="Journal of Machine Learning Research",
  year="2005",
  volume="6",
  pages="817--8535"
}

@article{Baxter97,
    author = "J. Baxter",
    title = "A bayesian/information theoretic model of learning to
  learn via multiple task sampling",
    journal = "Machine Learning",
    volume = "28",
    year = "1997"
}

@article{Caruana97,
    author = "R. Caruana",
    title = "Multitask learning",
    journal = "Machine Learning",
    volume = "28",
    pages = "41-75",
    year = "1997"
}


@inproceedings{Kuss06,
author   =       "M. Kuss and C. E. Rasmussen",
title	 =       "Assessing Approximations for Gaussian Process Classification",
booktitle=        NIPS,
publisher   = "MIT Press",
pages   =  "699 -- 706",
year     =  2006    
}

@incollection{Lawrence04,
author      = "N. D. Lawrence",
title       = {{Gaussian Process Models for Visualisation of High Dimensional Data}},
booktitle   = NIPS,
publisher   = "MIT Press",
address     = "Cambridge, MA",
year        = "2004",
keywords    = "Gaussian processes, visualisation, kernel methods, PCA, kernel PCA"
}

@inproceedings{Lawrence04b,
author         = "N. D. Lawrence and J. C. Platt" ,
title          = {{Learning to learn with the informative vector machine}},
booktitle      =  ICML,
year           = 2004
}


@inproceedings{Lawrence06b,
author         = "N. D. Lawrence and J. Qui{\~n}onero-Candela" ,
title          = {{Local distance preservation in the GP-LVM through back constraints}},
booktitle      =  ICML,
address        = "Banff, Alberta, Canada",
month          = "July",
year           = 2006,
volume         = 69,
pages          = "96--103"
}

@inproceedings{Lawrence07,
author         = "N. D. Lawrence and A. J. Moore" ,
title          = {{Hierarchical Gaussian process latent variable models}},
booktitle      =  ICML,
year           = 2007
}


@PhdThesis{Minka01,
  author = 	 "T. P. Minka",
  title = 	 {{A Family of Algorithms for Approximate Bayesian Inference}},
  school = 	 "MIT",
  year = 	 2001
}


@Book{Rasmussen06,
  author = 	 "C. E. Rasmussen and C. K. Williams",
  title = 	 {Gaussian Process for Machine Learning},
  publisher = 	 {MIT Press},
  year = 	 2006
}


@incollection{Shon06,
author      = "A. P. Shon and  K. Grochow and  A. Hertzmann and  R. Rao",
title       = {{Learning Shared Latent Structure for Image Synthesis and Robotic Imitation}},
booktitle = NIPS,
publisher = "MIT Press",
address     = "Cambridge, MA",
year        = "2006"
}

@inproceedings{Thrun96,
   title = {{Is learning the n-th thing any easier than learning the first?}},
   author = "S. Thrun",
   booktitle = NIPS,
   year = 1996
}


@article{Tipping99,
author = {M.E. Tipping and C.M. Bishop},
title = {Probabilistic principal component anlaysis},
journal = {Journal of the Royal Statistical Society, B},
volume = 61,
number = 3,
pages = {611-622},
year = {1999}
}

@inproceedings{Urtasun07,
author         = "R. Urtasun and T. Darrell" ,
title          = {{Discriminative Gaussian Process Latent Variable Models for Classification }},
booktitle      =  ICML ,
year           = "2007"
}



@incollection{Wang05,
author      = "J. Wang and D. J. Fleet and A. Hertzman",
title       = {{Gaussian Process dynamical models}},
booktitle = NIPS,
publisher = "MIT Press",
address     = "Cambridge, MA",
year        = "2005"
}


@Article{Williams98,
 author = "C. K. I. Williams and D. Barber",
 title = "{ Bayesian classification with Gaussian processes }",
 journal = PAMI,
 year = "1998",
 volume = "20",
 number = "12",
 pages = "1342-1351"
}


@inproceedings{Yu05,
author         = "K. Yu and  V. Tresp and A. Schwaighofer",
title          = {{Learning Gaussian processes from multiple tasks}},
booktitle      =  ICML,
year           = 2005,
pages = "1012-1019"
}