
%% Created for zickler at 2008-10-07 10:56:41 -0400 


%% Saved with string encoding Western (ASCII) 


@string{acmg = {ACM Transactions on Graphics}}

@string{ai = {Artificial Intelligence}}

@string{ao = {Applied Optics}}

@string{bmcv = {Proc.~British Machine Vision Conference}}

@string{cacm = {Comm. of the ACM}}

@string{cg = {Computer Graphics}}

@string{cvgip = {Computer Vision, Graphics and Image Processing}}

@string{cviu = {Computer Vision and Image Understanding}}

@string{cvpr = {Proc. IEEE Conf. Computer Vision and Pattern Recognition}}

@string{eccv = {Proc.~European Conf.~Computer Vision}}

@string{eurograph = {Proc. Eurographics Workshop on Rendering}}

@string{eurograph2 = {Proc. Eurographics Symposium on Rendering}}

@string{grs = {IEEE Trans. Geoscience and Remote Sensing}}

@string{iap = {Proc. Int. Conf. on Image Analysis and Processing}}

@string{iccv = {Proc.~IEEE~Int.~Conf.~Computer Vision}}

@string{ijcai = {Proc.~Int.~Joint Conf.~Artificial Intelligence}}

@string{ijcv = {Int. Journal of Computer Vision}}

@string{ijrr = {Int. Journal of Robotics Research}}

@string{info93 = {Proc. Conf. on Information Sciences and Systems}}

@string{ip = {IEEE Trans. Image Processing}}

@string{ivc = {Image and Vision Computing}}

@string{josa = {J. Opt Soc. Am.}}

@string{josaa = {J. Optical  Society of America A}}

@string{jra = {IEEE J. of Robotics and Automation}}

@string{mitai = {MIT Artificial Intelligence Laboratory}}

@string{pami = {IEEE Trans. Pattern Analysis and Machine Intelligence}}

@string{pvt = {Proc. Int. Symp. on 3{D} Data Processing, Visualization and Transmission}}

@string{ra = {Proc. IEEE Conf. Robotics and Automation}}

@string{siggraph = {Proc. ACM SIGGRAPH}}

@string{siggraph02+ = {ACM Transactions on Graphics (Proc.~ACM SIGGRAPH)}}

@string{siggraph92- = {Computer Graphics (Proc.~ACM SIGGRAPH)}}

@string{siggraph93-01 = {Proceedings of ACM SIGGRAPH}}

@string{tog = {ACM Transactions on Graphics}}

@string{vcg = {IEEE Trans. Visualization and Computer Graphics}}


@article{ZiRaEnBe06,
	Author = {Zickler, T. and Ramamoorthi, R. and Enrique, S.              and Belhumeur, P.},
	Journal = pami,
	Number = 8,
	Pages = {1287--1302},
	Title = {Reflectance Sharing: Predicting Appearance from a Sparse             Set of Images of a Known Shape},
	Volume = 28,
	Year = 2006}

@article{ZiMaKrBe08,
	Author = {T. Zickler and S. P. Mallick and D. J. Kriegman and             P. N. Belhumeur},
	Date-Modified = {2008-10-07 10:56:23 -0400},
	Journal = {International Journal of Computer Vision},
	Month = {August},
	Number = {1},
	Pages = {13--30},
	Title = {Color Subspaces as Photometric Invariants},
	Volume = {29},
	Year = {2008}}

@inproceedings{Zi06,
	Author = {Zickler, T.},
	Booktitle = cvpr,
	Pages = {1801--1808},
	Title = {Reciprocal Image Features for Uncalibrated {H}elmholtz Stereopsis},
	Volume = 2,
	Year = 2006}

@inproceedings{ZiMaKrBe06,
	Author = {T. Zickler and S. P. Mallick and D. J. Kriegman and             P. N. Belhumeur},
	Booktitle = cvpr,
	Pages = {2000--2010},
	Title = {Color Subspaces as Photometric Invariants},
	Volume = 2,
	Year = 2006}

@inproceedings{MaZiKrBe06,
	Author = {S. P. Mallick and T. Zickler and D. J. Kriegman and             P. N. Belhumeur},
	Booktitle = eccv,
	Pages = {550--563},
	Title = {Specularity Removal in Images and Videos: A {PDE} Approach},
	Volume = 1,
	Year = 2006}

@article{NoZiHo06,
	Author = {Novotny, P. M. and Zickler, T. and Howe, R. D.},
	Note = {Submitted to \emph{IEEE Trans. Medical Imaging}.},
	Title = {Radon Transform Based Instrument Shaft Detection in Three-Dimensional Ultrasound}}

@inproceedings{MaZiKrBe05,
	Author = {S. P. Mallick and T. Zickler and D. J. Kriegman and             P. N. Belhumeur},
	Booktitle = cvpr,
	Pages = {619--626},
	Title = {Beyond {L}ambert: Reconstructing specular surfaces using color},
	Volume = 2,
	Year = 2005}

@inproceedings{ZiEnRaBe05,
	Author = {Zickler, T. and Enrique, S. and Ramamoorthi, R.              and Belhumeur, P.},
	Booktitle = {Rendering Techniques 2005 (Proc. Eurographics                Symposium on Rendering)},
	Title = {Reflectance Sharing: Image-based Rendering from a Sparse             Set of Images},
	Year = 2005}

@inproceedings{ZiBeKr03,
	Author = {Zickler, T. and Belhumeur, P.N. and Kriegman, D.J.},
	Booktitle = cvpr,
	Pages = {548--555},
	Title = {Toward a Stratification of {H}elmholtz Stereopsis},
	Volume = 1,
	Year = {2003}}

@inproceedings{ZiHoKrPoBe03,
	Author = {Zickler, T. and Ho, J. and Kriegman, D.J. and Ponce, J.             and Belhumeur P.N.},
	Booktitle = iccv,
	Pages = {1411--1417},
	Title = {Binocular {H}elmholtz Stereopsis},
	Year = 2003}

@inproceedings{ZiBeKr02a,
	Author = {Zickler, T. and Belhumeur, P.N. and Kriegman, D.J.},
	Booktitle = eccv,
	Pages = {III: 869--884},
	Title = {Helmholtz Stereopsis: Exploiting Reciprocity          for Surface Reconstruction},
	Year = {2002}}

@article{ZiBeKr02b,
	Author = {Zickler, T. and Belhumeur, P.N. and Kriegman, D.J.},
	Journal = ijcv,
	Number = {2/3},
	Pages = {215--227},
	Title = {{H}elmholtz Stereopsis: Exploiting Reciprocity for Surface          Reconstruction},
	Volume = 49,
	Year = 2002}

@inproceedings{MaKrZiBe01,
	Author = {Magda, S. and Kriegman, D.J. and Zickler, T. and             Belhumeur, P.N.},
	Booktitle = iccv,
	Pages = {II: 391--398},
	Title = {Beyond {L}ambert: Reconstructing Surfaces with Arbitrary {BRDF}s},
	Year = {2001}}
